symbol,code,name,date,time,local_time,status,pre_close_price,open_price,high_price,low_price,latest_price,change_rate,high_limited_price,low_limited_price,ask_price_1,ask_price_2,ask_price_3,ask_price_4,ask_price_5,ask_price_6,ask_price_7,ask_price_8,ask_price_9,ask_price_10,ask_volume_1,ask_volume_2,ask_volume_3,ask_volume_4,ask_volume_5,ask_volume_6,ask_volume_7,ask_volume_8,ask_volume_9,ask_volume_10,bid_price_1,bid_price_2,bid_price_3,bid_price_4,bid_price_5,bid_price_6,bid_price_7,bid_price_8,bid_price_9,bid_price_10,bid_volume_1,bid_volume_2,bid_volume_3,bid_volume_4,bid_volume_5,bid_volume_6,bid_volume_7,bid_volume_8,bid_volume_9,bid_volume_10,total_ask_volume,weighted_ask_price,total_bid_volume,weighted_bid_price,total_fill_number,total_fill_volume,total_fill_turnover
600030.SH,600030,中信证券,20180404,91700000,91716000,73,19.21,0.0,0.0,0.0,0.0,-1.0,21.13,17.29,19.2,0.0,0.0,0.0,0.0,0.0,0.0,0.0,0.0,0.0,67777,0,0,0,0,0,0,0,0,0,19.2,0.0,0.0,0.0,0.0,0.0,0.0,0.0,0.0,0.0,67777,10423,0,0,0,0,0,0,0,0,0,0.0,0,0.0,0,0,0
600030.SH,600030,中信证券,20180404,91715000,91718000,73,19.21,0.0,0.0,0.0,0.0,-1.0,21.13,17.29,19.2,0.0,0.0,0.0,0.0,0.0,0.0,0.0,0.0,0.0,67777,0,0,0,0,0,0,0,0,0,19.2,0.0,0.0,0.0,0.0,0.0,0.0,0.0,0.0,0.0,67777,12523,0,0,0,0,0,0,0,0,0,0.0,0,0.0,0,0,0
600030.SH,600030,中信证券,20180404,91715000,91721000,73,19.21,0.0,0.0,0.0,0.0,-1.0,21.13,17.29,19.2,0.0,0.0,0.0,0.0,0.0,0.0,0.0,0.0,0.0,65877,0,0,0,0,0,0,0,0,0,19.2,0.0,0.0,0.0,0.0,0.0,0.0,0.0,0.0,0.0,65877,17123,0,0,0,0,0,0,0,0,0,0.0,0,0.0,0,0,0
600030.SH,600030,中信证券,20180404,91721000,91727000,73,19.21,0.0,0.0,0.0,0.0,-1.0,21.13,17.29,19.2,0.0,0.0,0.0,0.0,0.0,0.0,0.0,0.0,0.0,67877,0,0,0,0,0,0,0,0,0,19.2,0.0,0.0,0.0,0.0,0.0,0.0,0.0,0.0,0.0,67877,15123,0,0,0,0,0,0,0,0,0,0.0,0,0.0,0,0,0
600030.SH,600030,中信证券,20180404,91727000,91730000,73,19.21,0.0,0.0,0.0,0.0,-1.0,21.13,17.29,19.2,0.0,0.0,0.0,0.0,0.0,0.0,0.0,0.0,0.0,68377,0,0,0,0,0,0,0,0,0,19.2,0.0,0.0,0.0,0.0,0.0,0.0,0.0,0.0,0.0,68377,16823,0,0,0,0,0,0,0,0,0,0.0,0,0.0,0,0,0
600030.SH,600030,中信证券,20180404,91733000,91733000,73,19.21,0.0,0.0,0.0,0.0,-1.0,21.13,17.29,19.2,0.0,0.0,0.0,0.0,0.0,0.0,0.0,0.0,0.0,68977,0,0,0,0,0,0,0,0,0,19.2,0.0,0.0,0.0,0.0,0.0,0.0,0.0,0.0,0.0,68977,16223,0,0,0,0,0,0,0,0,0,0.0,0,0.0,0,0,0
600030.SH,600030,中信证券,20180404,91733000,91736000,73,19.21,0.0,0.0,0.0,0.0,-1.0,21.13,17.29,19.2,0.0,0.0,0.0,0.0,0.0,0.0,0.0,0.0,0.0,69077,0,0,0,0,0,0,0,0,0,19.2,0.0,0.0,0.0,0.0,0.0,0.0,0.0,0.0,0.0,69077,16323,0,0,0,0,0,0,0,0,0,0.0,0,0.0,0,0,0
600030.SH,600030,中信证券,20180404,91736000,91739000,73,19.21,0.0,0.0,0.0,0.0,-1.0,21.13,17.29,19.2,0.0,0.0,0.0,0.0,0.0,0.0,0.0,0.0,0.0,69077,0,0,0,0,0,0,0,0,0,19.2,0.0,0.0,0.0,0.0,0.0,0.0,0.0,0.0,0.0,69077,17323,0,0,0,0,0,0,0,0,0,0.0,0,0.0,0,0,0
600030.SH,600030,中信证券,20180404,91736000,91742000,73,19.21,0.0,0.0,0.0,0.0,-1.0,21.13,17.29,19.2,0.0,0.0,0.0,0.0,0.0,0.0,0.0,0.0,0.0,69077,0,0,0,0,0,0,0,0,0,19.2,0.0,0.0,0.0,0.0,0.0,0.0,0.0,0.0,0.0,69077,15823,0,0,0,0,0,0,0,0,0,0.0,0,0.0,0,0,0
600030.SH,600030,中信证券,20180404,91742000,91745000,73,19.21,0.0,0.0,0.0,0.0,-1.0,21.13,17.29,19.2,0.0,0.0,0.0,0.0,0.0,0.0,0.0,0.0,0.0,69277,0,0,0,0,0,0,0,0,0,19.2,0.0,0.0,0.0,0.0,0.0,0.0,0.0,0.0,0.0,69277,16423,0,0,0,0,0,0,0,0,0,0.0,0,0.0,0,0,0
600030.SH,600030,中信证券,20180404,91745000,91749000,73,19.21,0.0,0.0,0.0,0.0,-1.0,21.13,17.29,19.2,0.0,0.0,0.0,0.0,0.0,0.0,0.0,0.0,0.0,72177,0,0,0,0,0,0,0,0,0,19.2,0.0,0.0,0.0,0.0,0.0,0.0,0.0,0.0,0.0,72177,15123,0,0,0,0,0,0,0,0,0,0.0,0,0.0,0,0,0
600030.SH,600030,中信证券,20180404,91745000,91751000,73,19.21,0.0,0.0,0.0,0.0,-1.0,21.13,17.29,19.2,0.0,0.0,0.0,0.0,0.0,0.0,0.0,0.0,0.0,72677,0,0,0,0,0,0,0,0,0,19.2,0.0,0.0,0.0,0.0,0.0,0.0,0.0,0.0,0.0,72677,15223,0,0,0,0,0,0,0,0,0,0.0,0,0.0,0,0,0
600030.SH,600030,中信证券,20180404,91751000,91755000,73,19.21,0.0,0.0,0.0,0.0,-1.0,21.13,17.29,19.2,0.0,0.0,0.0,0.0,0.0,0.0,0.0,0.0,0.0,73577,0,0,0,0,0,0,0,0,0,19.2,0.0,0.0,0.0,0.0,0.0,0.0,0.0,0.0,0.0,73577,14323,0,0,0,0,0,0,0,0,0,0.0,0,0.0,0,0,0
600030.SH,600030,中信证券,20180404,91751000,91757000,73,19.21,0.0,0.0,0.0,0.0,-1.0,21.13,17.29,19.2,0.0,0.0,0.0,0.0,0.0,0.0,0.0,0.0,0.0,74177,0,0,0,0,0,0,0,0,0,19.2,0.0,0.0,0.0,0.0,0.0,0.0,0.0,0.0,0.0,74177,14323,0,0,0,0,0,0,0,0,0,0.0,0,0.0,0,0,0
600030.SH,600030,中信证券,20180404,91757000,91800000,73,19.21,0.0,0.0,0.0,0.0,-1.0,21.13,17.29,19.2,0.0,0.0,0.0,0.0,0.0,0.0,0.0,0.0,0.0,74177,0,0,0,0,0,0,0,0,0,19.2,0.0,0.0,0.0,0.0,0.0,0.0,0.0,0.0,0.0,74177,18723,0,0,0,0,0,0,0,0,0,0.0,0,0.0,0,0,0
600030.SH,600030,中信证券,20180404,91757000,91804000,73,19.21,0.0,0.0,0.0,0.0,-1.0,21.13,17.29,19.2,0.0,0.0,0.0,0.0,0.0,0.0,0.0,0.0,0.0,74377,0,0,0,0,0,0,0,0,0,19.2,0.0,0.0,0.0,0.0,0.0,0.0,0.0,0.0,0.0,74377,18523,0,0,0,0,0,0,0,0,0,0.0,0,0.0,0,0,0
600030.SH,600030,中信证券,20180404,91800000,91806000,73,19.21,0.0,0.0,0.0,0.0,-1.0,21.13,17.29,19.2,0.0,0.0,0.0,0.0,0.0,0.0,0.0,0.0,0.0,75377,0,0,0,0,0,0,0,0,0,19.2,0.0,0.0,0.0,0.0,0.0,0.0,0.0,0.0,0.0,75377,17523,0,0,0,0,0,0,0,0,0,0.0,0,0.0,0,0,0
600030.SH,600030,中信证券,20180404,91806000,91810000,73,19.21,0.0,0.0,0.0,0.0,-1.0,21.13,17.29,19.2,0.0,0.0,0.0,0.0,0.0,0.0,0.0,0.0,0.0,75777,0,0,0,0,0,0,0,0,0,19.2,0.0,0.0,0.0,0.0,0.0,0.0,0.0,0.0,0.0,75777,17123,0,0,0,0,0,0,0,0,0,0.0,0,0.0,0,0,0
600030.SH,600030,中信证券,20180404,91806000,91812000,73,19.21,0.0,0.0,0.0,0.0,-1.0,21.13,17.29,19.2,0.0,0.0,0.0,0.0,0.0,0.0,0.0,0.0,0.0,80777,0,0,0,0,0,0,0,0,0,19.2,0.0,0.0,0.0,0.0,0.0,0.0,0.0,0.0,0.0,80777,12123,0,0,0,0,0,0,0,0,0,0.0,0,0.0,0,0,0
600030.SH,600030,中信证券,20180404,91812000,91815000,73,19.21,0.0,0.0,0.0,0.0,-1.0,21.13,17.29,19.2,0.0,0.0,0.0,0.0,0.0,0.0,0.0,0.0,0.0,77877,0,0,0,0,0,0,0,0,0,19.2,0.0,0.0,0.0,0.0,0.0,0.0,0.0,0.0,0.0,77877,20823,0,0,0,0,0,0,0,0,0,0.0,0,0.0,0,0,0
600030.SH,600030,中信证券,20180404,91812000,91818000,73,19.21,0.0,0.0,0.0,0.0,-1.0,21.13,17.29,19.2,0.0,0.0,0.0,0.0,0.0,0.0,0.0,0.0,0.0,82977,0,0,0,0,0,0,0,0,0,19.2,0.0,0.0,0.0,0.0,0.0,0.0,0.0,0.0,0.0,82977,16023,0,0,0,0,0,0,0,0,0,0.0,0,0.0,0,0,0
600030.SH,600030,中信证券,20180404,91815000,91821000,73,19.21,0.0,0.0,0.0,0.0,-1.0,21.13,17.29,19.2,0.0,0.0,0.0,0.0,0.0,0.0,0.0,0.0,0.0,83177,0,0,0,0,0,0,0,0,0,19.2,0.0,0.0,0.0,0.0,0.0,0.0,0.0,0.0,0.0,83177,19823,0,0,0,0,0,0,0,0,0,0.0,0,0.0,0,0,0
600030.SH,600030,中信证券,20180404,91821000,91824000,73,19.21,0.0,0.0,0.0,0.0,-1.0,21.13,17.29,19.2,0.0,0.0,0.0,0.0,0.0,0.0,0.0,0.0,0.0,84277,0,0,0,0,0,0,0,0,0,19.2,0.0,0.0,0.0,0.0,0.0,0.0,0.0,0.0,0.0,84277,25723,0,0,0,0,0,0,0,0,0,0.0,0,0.0,0,0,0
600030.SH,600030,中信证券,20180404,91821000,91827000,73,19.21,0.0,0.0,0.0,0.0,-1.0,21.13,17.29,19.2,0.0,0.0,0.0,0.0,0.0,0.0,0.0,0.0,0.0,92477,0,0,0,0,0,0,0,0,0,19.2,0.0,0.0,0.0,0.0,0.0,0.0,0.0,0.0,0.0,92477,17923,0,0,0,0,0,0,0,0,0,0.0,0,0.0,0,0,0
600030.SH,600030,中信证券,20180404,91827000,91830000,73,19.21,0.0,0.0,0.0,0.0,-1.0,21.13,17.29,19.2,0.0,0.0,0.0,0.0,0.0,0.0,0.0,0.0,0.0,93077,0,0,0,0,0,0,0,0,0,19.2,0.0,0.0,0.0,0.0,0.0,0.0,0.0,0.0,0.0,93077,17323,0,0,0,0,0,0,0,0,0,0.0,0,0.0,0,0,0
600030.SH,600030,中信证券,20180404,91827000,91833000,73,19.21,0.0,0.0,0.0,0.0,-1.0,21.13,17.29,19.2,0.0,0.0,0.0,0.0,0.0,0.0,0.0,0.0,0.0,93177,0,0,0,0,0,0,0,0,0,19.2,0.0,0.0,0.0,0.0,0.0,0.0,0.0,0.0,0.0,93177,17223,0,0,0,0,0,0,0,0,0,0.0,0,0.0,0,0,0
600030.SH,600030,中信证券,20180404,91830000,91836000,73,19.21,0.0,0.0,0.0,0.0,-1.0,21.13,17.29,19.2,0.0,0.0,0.0,0.0,0.0,0.0,0.0,0.0,0.0,94277,0,0,0,0,0,0,0,0,0,19.2,0.0,0.0,0.0,0.0,0.0,0.0,0.0,0.0,0.0,94277,18123,0,0,0,0,0,0,0,0,0,0.0,0,0.0,0,0,0
600030.SH,600030,中信证券,20180404,91836000,91842000,73,19.21,0.0,0.0,0.0,0.0,-1.0,21.13,17.29,19.2,0.0,0.0,0.0,0.0,0.0,0.0,0.0,0.0,0.0,97277,0,0,0,0,0,0,0,0,0,19.2,0.0,0.0,0.0,0.0,0.0,0.0,0.0,0.0,0.0,97277,15123,0,0,0,0,0,0,0,0,0,0.0,0,0.0,0,0,0
600030.SH,600030,中信证券,20180404,91842000,91845000,73,19.21,0.0,0.0,0.0,0.0,-1.0,21.13,17.29,19.2,0.0,0.0,0.0,0.0,0.0,0.0,0.0,0.0,0.0,96877,0,0,0,0,0,0,0,0,0,19.2,0.0,0.0,0.0,0.0,0.0,0.0,0.0,0.0,0.0,96877,13523,0,0,0,0,0,0,0,0,0,0.0,0,0.0,0,0,0
600030.SH,600030,中信证券,20180404,91842000,91848000,73,19.21,0.0,0.0,0.0,0.0,-1.0,21.13,17.29,19.2,0.0,0.0,0.0,0.0,0.0,0.0,0.0,0.0,0.0,96877,0,0,0,0,0,0,0,0,0,19.2,0.0,0.0,0.0,0.0,0.0,0.0,0.0,0.0,0.0,96877,13623,0,0,0,0,0,0,0,0,0,0.0,0,0.0,0,0,0
600030.SH,600030,中信证券,20180404,91851000,91855000,73,19.21,0.0,0.0,0.0,0.0,-1.0,21.13,17.29,19.2,0.0,0.0,0.0,0.0,0.0,0.0,0.0,0.0,0.0,96877,0,0,0,0,0,0,0,0,0,19.2,0.0,0.0,0.0,0.0,0.0,0.0,0.0,0.0,0.0,96877,13723,0,0,0,0,0,0,0,0,0,0.0,0,0.0,0,0,0
600030.SH,600030,中信证券,20180404,91851000,91857000,73,19.21,0.0,0.0,0.0,0.0,-1.0,21.13,17.29,19.2,0.0,0.0,0.0,0.0,0.0,0.0,0.0,0.0,0.0,109800,18077,0,0,0,0,0,0,0,0,19.2,0.0,0.0,0.0,0.0,0.0,0.0,0.0,0.0,0.0,109800,0,0,0,0,0,0,0,0,0,0,0.0,0,0.0,0,0,0
600030.SH,600030,中信证券,20180404,91857000,91903000,73,19.21,0.0,0.0,0.0,0.0,-1.0,21.13,17.29,19.2,0.0,0.0,0.0,0.0,0.0,0.0,0.0,0.0,0.0,97927,0,0,0,0,0,0,0,0,0,19.2,0.0,0.0,0.0,0.0,0.0,0.0,0.0,0.0,0.0,97927,11873,0,0,0,0,0,0,0,0,0,0.0,0,0.0,0,0,0
600030.SH,600030,中信证券,20180404,91900000,91906000,73,19.21,0.0,0.0,0.0,0.0,-1.0,21.13,17.29,19.2,0.0,0.0,0.0,0.0,0.0,0.0,0.0,0.0,0.0,97927,0,0,0,0,0,0,0,0,0,19.2,0.0,0.0,0.0,0.0,0.0,0.0,0.0,0.0,0.0,97927,14873,0,0,0,0,0,0,0,0,0,0.0,0,0.0,0,0,0
600030.SH,600030,中信证券,20180404,91906000,91910000,73,19.21,0.0,0.0,0.0,0.0,-1.0,21.13,17.29,19.21,0.0,0.0,0.0,0.0,0.0,0.0,0.0,0.0,0.0,82000,97127,0,0,0,0,0,0,0,0,19.21,0.0,0.0,0.0,0.0,0.0,0.0,0.0,0.0,0.0,82000,0,0,0,0,0,0,0,0,0,0,0.0,0,0.0,0,0,0
600030.SH,600030,中信证券,20180404,91915000,91921000,73,19.21,0.0,0.0,0.0,0.0,-1.0,21.13,17.29,19.21,0.0,0.0,0.0,0.0,0.0,0.0,0.0,0.0,0.0,83000,96427,0,0,0,0,0,0,0,0,19.21,0.0,0.0,0.0,0.0,0.0,0.0,0.0,0.0,0.0,83000,0,0,0,0,0,0,0,0,0,0,0.0,0,0.0,0,0,0
600030.SH,600030,中信证券,20180404,91921000,91928000,73,19.21,0.0,0.0,0.0,0.0,-1.0,21.13,17.29,19.2,0.0,0.0,0.0,0.0,0.0,0.0,0.0,0.0,0.0,93327,0,0,0,0,0,0,0,0,0,19.2,0.0,0.0,0.0,0.0,0.0,0.0,0.0,0.0,0.0,93327,34073,0,0,0,0,0,0,0,0,0,0.0,0,0.0,0,0,0
600030.SH,600030,中信证券,20180404,91927000,91930000,73,19.21,0.0,0.0,0.0,0.0,-1.0,21.13,17.29,19.2,0.0,0.0,0.0,0.0,0.0,0.0,0.0,0.0,0.0,93327,0,0,0,0,0,0,0,0,0,19.2,0.0,0.0,0.0,0.0,0.0,0.0,0.0,0.0,0.0,93327,35573,0,0,0,0,0,0,0,0,0,0.0,0,0.0,0,0,0
600030.SH,600030,中信证券,20180404,91927000,91933000,73,19.21,0.0,0.0,0.0,0.0,-1.0,21.13,17.29,19.2,0.0,0.0,0.0,0.0,0.0,0.0,0.0,0.0,0.0,108327,0,0,0,0,0,0,0,0,0,19.2,0.0,0.0,0.0,0.0,0.0,0.0,0.0,0.0,0.0,108327,20573,0,0,0,0,0,0,0,0,0,0.0,0,0.0,0,0,0
600030.SH,600030,中信证券,20180404,91936000,91939000,73,19.21,0.0,0.0,0.0,0.0,-1.0,21.13,17.29,19.2,0.0,0.0,0.0,0.0,0.0,0.0,0.0,0.0,0.0,108327,0,0,0,0,0,0,0,0,0,19.2,0.0,0.0,0.0,0.0,0.0,0.0,0.0,0.0,0.0,108327,23073,0,0,0,0,0,0,0,0,0,0.0,0,0.0,0,0,0
600030.SH,600030,中信证券,20180404,91942000,91945000,73,19.21,0.0,0.0,0.0,0.0,-1.0,21.13,17.29,19.2,0.0,0.0,0.0,0.0,0.0,0.0,0.0,0.0,0.0,108327,0,0,0,0,0,0,0,0,0,19.2,0.0,0.0,0.0,0.0,0.0,0.0,0.0,0.0,0.0,108327,24773,0,0,0,0,0,0,0,0,0,0.0,0,0.0,0,0,0
600030.SH,600030,中信证券,20180404,91942000,91948000,73,19.21,0.0,0.0,0.0,0.0,-1.0,21.13,17.29,19.2,0.0,0.0,0.0,0.0,0.0,0.0,0.0,0.0,0.0,108327,0,0,0,0,0,0,0,0,0,19.2,0.0,0.0,0.0,0.0,0.0,0.0,0.0,0.0,0.0,108327,24973,0,0,0,0,0,0,0,0,0,0.0,0,0.0,0,0,0
600030.SH,600030,中信证券,20180404,91945000,91952000,73,19.21,0.0,0.0,0.0,0.0,-1.0,21.13,17.29,19.2,0.0,0.0,0.0,0.0,0.0,0.0,0.0,0.0,0.0,113527,0,0,0,0,0,0,0,0,0,19.2,0.0,0.0,0.0,0.0,0.0,0.0,0.0,0.0,0.0,113527,19273,0,0,0,0,0,0,0,0,0,0.0,0,0.0,0,0,0
600030.SH,600030,中信证券,20180404,91951000,91955000,73,19.21,0.0,0.0,0.0,0.0,-1.0,21.13,17.29,19.2,0.0,0.0,0.0,0.0,0.0,0.0,0.0,0.0,0.0,113727,0,0,0,0,0,0,0,0,0,19.2,0.0,0.0,0.0,0.0,0.0,0.0,0.0,0.0,0.0,113727,27873,0,0,0,0,0,0,0,0,0,0.0,0,0.0,0,0,0
600030.SH,600030,中信证券,20180404,91957000,92001000,73,19.21,0.0,0.0,0.0,0.0,-1.0,21.13,17.29,19.2,0.0,0.0,0.0,0.0,0.0,0.0,0.0,0.0,0.0,113727,0,0,0,0,0,0,0,0,0,19.2,0.0,0.0,0.0,0.0,0.0,0.0,0.0,0.0,0.0,113727,30773,0,0,0,0,0,0,0,0,0,0.0,0,0.0,0,0,0
600030.SH,600030,中信证券,20180404,91957000,92004000,73,19.21,0.0,0.0,0.0,0.0,-1.0,21.13,17.29,19.2,0.0,0.0,0.0,0.0,0.0,0.0,0.0,0.0,0.0,113727,0,0,0,0,0,0,0,0,0,19.2,0.0,0.0,0.0,0.0,0.0,0.0,0.0,0.0,0.0,113727,33173,0,0,0,0,0,0,0,0,0,0.0,0,0.0,0,0,0
600030.SH,600030,中信证券,20180404,92000000,92006000,73,19.21,0.0,0.0,0.0,0.0,-1.0,21.13,17.29,19.2,0.0,0.0,0.0,0.0,0.0,0.0,0.0,0.0,0.0,113727,0,0,0,0,0,0,0,0,0,19.2,0.0,0.0,0.0,0.0,0.0,0.0,0.0,0.0,0.0,113727,33373,0,0,0,0,0,0,0,0,0,0.0,0,0.0,0,0,0
600030.SH,600030,中信证券,20180404,92006000,92010000,73,19.21,0.0,0.0,0.0,0.0,-1.0,21.13,17.29,19.2,0.0,0.0,0.0,0.0,0.0,0.0,0.0,0.0,0.0,118427,0,0,0,0,0,0,0,0,0,19.2,0.0,0.0,0.0,0.0,0.0,0.0,0.0,0.0,0.0,118427,31473,0,0,0,0,0,0,0,0,0,0.0,0,0.0,0,0,0
600030.SH,600030,中信证券,20180404,92006000,92012000,73,19.21,0.0,0.0,0.0,0.0,-1.0,21.13,17.29,19.2,0.0,0.0,0.0,0.0,0.0,0.0,0.0,0.0,0.0,118427,0,0,0,0,0,0,0,0,0,19.2,0.0,0.0,0.0,0.0,0.0,0.0,0.0,0.0,0.0,118427,33473,0,0,0,0,0,0,0,0,0,0.0,0,0.0,0,0,0
600030.SH,600030,中信证券,20180404,92012000,92015000,73,19.21,0.0,0.0,0.0,0.0,-1.0,21.13,17.29,19.2,0.0,0.0,0.0,0.0,0.0,0.0,0.0,0.0,0.0,118927,0,0,0,0,0,0,0,0,0,19.2,0.0,0.0,0.0,0.0,0.0,0.0,0.0,0.0,0.0,118927,33173,0,0,0,0,0,0,0,0,0,0.0,0,0.0,0,0,0
600030.SH,600030,中信证券,20180404,92012000,92018000,73,19.21,0.0,0.0,0.0,0.0,-1.0,21.13,17.29,19.2,0.0,0.0,0.0,0.0,0.0,0.0,0.0,0.0,0.0,119127,0,0,0,0,0,0,0,0,0,19.2,0.0,0.0,0.0,0.0,0.0,0.0,0.0,0.0,0.0,119127,33273,0,0,0,0,0,0,0,0,0,0.0,0,0.0,0,0,0
600030.SH,600030,中信证券,20180404,92018000,92021000,73,19.21,0.0,0.0,0.0,0.0,-1.0,21.13,17.29,19.2,0.0,0.0,0.0,0.0,0.0,0.0,0.0,0.0,0.0,121127,0,0,0,0,0,0,0,0,0,19.2,0.0,0.0,0.0,0.0,0.0,0.0,0.0,0.0,0.0,121127,31273,0,0,0,0,0,0,0,0,0,0.0,0,0.0,0,0,0
600030.SH,600030,中信证券,20180404,92021000,92025000,73,19.21,0.0,0.0,0.0,0.0,-1.0,21.13,17.29,19.2,0.0,0.0,0.0,0.0,0.0,0.0,0.0,0.0,0.0,124027,0,0,0,0,0,0,0,0,0,19.2,0.0,0.0,0.0,0.0,0.0,0.0,0.0,0.0,0.0,124027,34373,0,0,0,0,0,0,0,0,0,0.0,0,0.0,0,0,0
600030.SH,600030,中信证券,20180404,92021000,92027000,73,19.21,0.0,0.0,0.0,0.0,-1.0,21.13,17.29,19.2,0.0,0.0,0.0,0.0,0.0,0.0,0.0,0.0,0.0,124027,0,0,0,0,0,0,0,0,0,19.2,0.0,0.0,0.0,0.0,0.0,0.0,0.0,0.0,0.0,124027,36573,0,0,0,0,0,0,0,0,0,0.0,0,0.0,0,0,0
600030.SH,600030,中信证券,20180404,92027000,92030000,73,19.21,0.0,0.0,0.0,0.0,-1.0,21.13,17.29,19.2,0.0,0.0,0.0,0.0,0.0,0.0,0.0,0.0,0.0,124027,0,0,0,0,0,0,0,0,0,19.2,0.0,0.0,0.0,0.0,0.0,0.0,0.0,0.0,0.0,124027,38773,0,0,0,0,0,0,0,0,0,0.0,0,0.0,0,0,0
600030.SH,600030,中信证券,20180404,92027000,92033000,73,19.21,0.0,0.0,0.0,0.0,-1.0,21.13,17.29,19.2,0.0,0.0,0.0,0.0,0.0,0.0,0.0,0.0,0.0,124527,0,0,0,0,0,0,0,0,0,19.2,0.0,0.0,0.0,0.0,0.0,0.0,0.0,0.0,0.0,124527,48673,0,0,0,0,0,0,0,0,0,0.0,0,0.0,0,0,0
600030.SH,600030,中信证券,20180404,92033000,92036000,73,19.21,0.0,0.0,0.0,0.0,-1.0,21.13,17.29,19.2,0.0,0.0,0.0,0.0,0.0,0.0,0.0,0.0,0.0,126027,0,0,0,0,0,0,0,0,0,19.2,0.0,0.0,0.0,0.0,0.0,0.0,0.0,0.0,0.0,126027,47173,0,0,0,0,0,0,0,0,0,0.0,0,0.0,0,0,0
600030.SH,600030,中信证券,20180404,92036000,92039000,73,19.21,0.0,0.0,0.0,0.0,-1.0,21.13,17.29,19.2,0.0,0.0,0.0,0.0,0.0,0.0,0.0,0.0,0.0,126027,0,0,0,0,0,0,0,0,0,19.2,0.0,0.0,0.0,0.0,0.0,0.0,0.0,0.0,0.0,126027,57173,0,0,0,0,0,0,0,0,0,0.0,0,0.0,0,0,0
600030.SH,600030,中信证券,20180404,92036000,92042000,73,19.21,0.0,0.0,0.0,0.0,-1.0,21.13,17.29,19.2,0.0,0.0,0.0,0.0,0.0,0.0,0.0,0.0,0.0,128127,0,0,0,0,0,0,0,0,0,19.2,0.0,0.0,0.0,0.0,0.0,0.0,0.0,0.0,0.0,128127,56273,0,0,0,0,0,0,0,0,0,0.0,0,0.0,0,0,0
600030.SH,600030,中信证券,20180404,92042000,92045000,73,19.21,0.0,0.0,0.0,0.0,-1.0,21.13,17.29,19.2,0.0,0.0,0.0,0.0,0.0,0.0,0.0,0.0,0.0,128327,0,0,0,0,0,0,0,0,0,19.2,0.0,0.0,0.0,0.0,0.0,0.0,0.0,0.0,0.0,128327,56073,0,0,0,0,0,0,0,0,0,0.0,0,0.0,0,0,0
600030.SH,600030,中信证券,20180404,92048000,92051000,73,19.21,0.0,0.0,0.0,0.0,-1.0,21.13,17.29,19.2,0.0,0.0,0.0,0.0,0.0,0.0,0.0,0.0,0.0,128627,0,0,0,0,0,0,0,0,0,19.2,0.0,0.0,0.0,0.0,0.0,0.0,0.0,0.0,0.0,128627,57273,0,0,0,0,0,0,0,0,0,0.0,0,0.0,0,0,0
600030.SH,600030,中信证券,20180404,92051000,92054000,73,19.21,0.0,0.0,0.0,0.0,-1.0,21.13,17.29,19.2,0.0,0.0,0.0,0.0,0.0,0.0,0.0,0.0,0.0,136827,0,0,0,0,0,0,0,0,0,19.2,0.0,0.0,0.0,0.0,0.0,0.0,0.0,0.0,0.0,136827,52973,0,0,0,0,0,0,0,0,0,0.0,0,0.0,0,0,0
600030.SH,600030,中信证券,20180404,92051000,92057000,73,19.21,0.0,0.0,0.0,0.0,-1.0,21.13,17.29,19.2,0.0,0.0,0.0,0.0,0.0,0.0,0.0,0.0,0.0,137127,0,0,0,0,0,0,0,0,0,19.2,0.0,0.0,0.0,0.0,0.0,0.0,0.0,0.0,0.0,137127,53673,0,0,0,0,0,0,0,0,0,0.0,0,0.0,0,0,0
600030.SH,600030,中信证券,20180404,92057000,92100000,73,19.21,0.0,0.0,0.0,0.0,-1.0,21.13,17.29,19.2,0.0,0.0,0.0,0.0,0.0,0.0,0.0,0.0,0.0,139927,0,0,0,0,0,0,0,0,0,19.2,0.0,0.0,0.0,0.0,0.0,0.0,0.0,0.0,0.0,139927,50873,0,0,0,0,0,0,0,0,0,0.0,0,0.0,0,0,0
600030.SH,600030,中信证券,20180404,92057000,92104000,73,19.21,0.0,0.0,0.0,0.0,-1.0,21.13,17.29,19.2,0.0,0.0,0.0,0.0,0.0,0.0,0.0,0.0,0.0,139927,0,0,0,0,0,0,0,0,0,19.2,0.0,0.0,0.0,0.0,0.0,0.0,0.0,0.0,0.0,139927,52873,0,0,0,0,0,0,0,0,0,0.0,0,0.0,0,0,0
600030.SH,600030,中信证券,20180404,92103000,92106000,73,19.21,0.0,0.0,0.0,0.0,-1.0,21.13,17.29,19.2,0.0,0.0,0.0,0.0,0.0,0.0,0.0,0.0,0.0,144127,0,0,0,0,0,0,0,0,0,19.2,0.0,0.0,0.0,0.0,0.0,0.0,0.0,0.0,0.0,144127,48873,0,0,0,0,0,0,0,0,0,0.0,0,0.0,0,0,0
600030.SH,600030,中信证券,20180404,92106000,92112000,73,19.21,0.0,0.0,0.0,0.0,-1.0,21.13,17.29,19.2,0.0,0.0,0.0,0.0,0.0,0.0,0.0,0.0,0.0,144527,0,0,0,0,0,0,0,0,0,19.2,0.0,0.0,0.0,0.0,0.0,0.0,0.0,0.0,0.0,144527,60173,0,0,0,0,0,0,0,0,0,0.0,0,0.0,0,0,0
600030.SH,600030,中信证券,20180404,92112000,92118000,73,19.21,0.0,0.0,0.0,0.0,-1.0,21.13,17.29,19.2,0.0,0.0,0.0,0.0,0.0,0.0,0.0,0.0,0.0,150527,0,0,0,0,0,0,0,0,0,19.2,0.0,0.0,0.0,0.0,0.0,0.0,0.0,0.0,0.0,150527,54173,0,0,0,0,0,0,0,0,0,0.0,0,0.0,0,0,0
600030.SH,600030,中信证券,20180404,92118000,92121000,73,19.21,0.0,0.0,0.0,0.0,-1.0,21.13,17.29,19.2,0.0,0.0,0.0,0.0,0.0,0.0,0.0,0.0,0.0,150827,0,0,0,0,0,0,0,0,0,19.2,0.0,0.0,0.0,0.0,0.0,0.0,0.0,0.0,0.0,150827,54873,0,0,0,0,0,0,0,0,0,0.0,0,0.0,0,0,0
600030.SH,600030,中信证券,20180404,92121000,92124000,73,19.21,0.0,0.0,0.0,0.0,-1.0,21.13,17.29,19.2,0.0,0.0,0.0,0.0,0.0,0.0,0.0,0.0,0.0,152027,0,0,0,0,0,0,0,0,0,19.2,0.0,0.0,0.0,0.0,0.0,0.0,0.0,0.0,0.0,152027,54173,0,0,0,0,0,0,0,0,0,0.0,0,0.0,0,0,0
600030.SH,600030,中信证券,20180404,92121000,92127000,73,19.21,0.0,0.0,0.0,0.0,-1.0,21.13,17.29,19.21,0.0,0.0,0.0,0.0,0.0,0.0,0.0,0.0,0.0,260027,0,0,0,0,0,0,0,0,0,19.21,0.0,0.0,0.0,0.0,0.0,0.0,0.0,0.0,0.0,260027,15273,0,0,0,0,0,0,0,0,0,0.0,0,0.0,0,0,0
600030.SH,600030,中信证券,20180404,92127000,92130000,73,19.21,0.0,0.0,0.0,0.0,-1.0,21.13,17.29,19.21,0.0,0.0,0.0,0.0,0.0,0.0,0.0,0.0,0.0,262027,0,0,0,0,0,0,0,0,0,19.21,0.0,0.0,0.0,0.0,0.0,0.0,0.0,0.0,0.0,262027,13373,0,0,0,0,0,0,0,0,0,0.0,0,0.0,0,0,0
600030.SH,600030,中信证券,20180404,92127000,92133000,73,19.21,0.0,0.0,0.0,0.0,-1.0,21.13,17.29,19.21,0.0,0.0,0.0,0.0,0.0,0.0,0.0,0.0,0.0,262027,0,0,0,0,0,0,0,0,0,19.21,0.0,0.0,0.0,0.0,0.0,0.0,0.0,0.0,0.0,262027,16373,0,0,0,0,0,0,0,0,0,0.0,0,0.0,0,0,0
600030.SH,600030,中信证券,20180404,92133000,92137000,73,19.21,0.0,0.0,0.0,0.0,-1.0,21.13,17.29,19.21,0.0,0.0,0.0,0.0,0.0,0.0,0.0,0.0,0.0,267227,0,0,0,0,0,0,0,0,0,19.21,0.0,0.0,0.0,0.0,0.0,0.0,0.0,0.0,0.0,267227,11773,0,0,0,0,0,0,0,0,0,0.0,0,0.0,0,0,0
600030.SH,600030,中信证券,20180404,92133000,92139000,73,19.21,0.0,0.0,0.0,0.0,-1.0,21.13,17.29,19.21,0.0,0.0,0.0,0.0,0.0,0.0,0.0,0.0,0.0,267227,0,0,0,0,0,0,0,0,0,19.21,0.0,0.0,0.0,0.0,0.0,0.0,0.0,0.0,0.0,267227,12773,0,0,0,0,0,0,0,0,0,0.0,0,0.0,0,0,0
600030.SH,600030,中信证券,20180404,92136000,92142000,73,19.21,0.0,0.0,0.0,0.0,-1.0,21.13,17.29,19.21,0.0,0.0,0.0,0.0,0.0,0.0,0.0,0.0,0.0,269227,0,0,0,0,0,0,0,0,0,19.21,0.0,0.0,0.0,0.0,0.0,0.0,0.0,0.0,0.0,269227,11073,0,0,0,0,0,0,0,0,0,0.0,0,0.0,0,0,0
600030.SH,600030,中信证券,20180404,92142000,92145000,73,19.21,0.0,0.0,0.0,0.0,-1.0,21.13,17.29,19.21,0.0,0.0,0.0,0.0,0.0,0.0,0.0,0.0,0.0,269227,0,0,0,0,0,0,0,0,0,19.21,0.0,0.0,0.0,0.0,0.0,0.0,0.0,0.0,0.0,269227,12073,0,0,0,0,0,0,0,0,0,0.0,0,0.0,0,0,0
600030.SH,600030,中信证券,20180404,92148000,92151000,73,19.21,0.0,0.0,0.0,0.0,-1.0,21.13,17.29,19.21,0.0,0.0,0.0,0.0,0.0,0.0,0.0,0.0,0.0,269227,0,0,0,0,0,0,0,0,0,19.21,0.0,0.0,0.0,0.0,0.0,0.0,0.0,0.0,0.0,269227,17973,0,0,0,0,0,0,0,0,0,0.0,0,0.0,0,0,0
600030.SH,600030,中信证券,20180404,92148000,92155000,73,19.21,0.0,0.0,0.0,0.0,-1.0,21.13,17.29,19.21,0.0,0.0,0.0,0.0,0.0,0.0,0.0,0.0,0.0,269227,0,0,0,0,0,0,0,0,0,19.21,0.0,0.0,0.0,0.0,0.0,0.0,0.0,0.0,0.0,269227,19273,0,0,0,0,0,0,0,0,0,0.0,0,0.0,0,0,0
600030.SH,600030,中信证券,20180404,92151000,92157000,73,19.21,0.0,0.0,0.0,0.0,-1.0,21.13,17.29,19.21,0.0,0.0,0.0,0.0,0.0,0.0,0.0,0.0,0.0,271727,0,0,0,0,0,0,0,0,0,19.21,0.0,0.0,0.0,0.0,0.0,0.0,0.0,0.0,0.0,271727,17673,0,0,0,0,0,0,0,0,0,0.0,0,0.0,0,0,0
600030.SH,600030,中信证券,20180404,92157000,92201000,73,19.21,0.0,0.0,0.0,0.0,-1.0,21.13,17.29,19.21,0.0,0.0,0.0,0.0,0.0,0.0,0.0,0.0,0.0,272127,0,0,0,0,0,0,0,0,0,19.21,0.0,0.0,0.0,0.0,0.0,0.0,0.0,0.0,0.0,272127,17473,0,0,0,0,0,0,0,0,0,0.0,0,0.0,0,0,0
600030.SH,600030,中信证券,20180404,92157000,92204000,73,19.21,0.0,0.0,0.0,0.0,-1.0,21.13,17.29,19.21,0.0,0.0,0.0,0.0,0.0,0.0,0.0,0.0,0.0,273427,0,0,0,0,0,0,0,0,0,19.21,0.0,0.0,0.0,0.0,0.0,0.0,0.0,0.0,0.0,273427,16173,0,0,0,0,0,0,0,0,0,0.0,0,0.0,0,0,0
600030.SH,600030,中信证券,20180404,92203000,92207000,73,19.21,0.0,0.0,0.0,0.0,-1.0,21.13,17.29,19.21,0.0,0.0,0.0,0.0,0.0,0.0,0.0,0.0,0.0,283427,0,0,0,0,0,0,0,0,0,19.21,0.0,0.0,0.0,0.0,0.0,0.0,0.0,0.0,0.0,283427,6173,0,0,0,0,0,0,0,0,0,0.0,0,0.0,0,0,0
600030.SH,600030,中信证券,20180404,92203000,92210000,73,19.21,0.0,0.0,0.0,0.0,-1.0,21.13,17.29,19.21,0.0,0.0,0.0,0.0,0.0,0.0,0.0,0.0,0.0,285927,0,0,0,0,0,0,0,0,0,19.21,0.0,0.0,0.0,0.0,0.0,0.0,0.0,0.0,0.0,285927,10973,0,0,0,0,0,0,0,0,0,0.0,0,0.0,0,0,0
600030.SH,600030,中信证券,20180404,92206000,92213000,73,19.21,0.0,0.0,0.0,0.0,-1.0,21.13,17.29,19.21,0.0,0.0,0.0,0.0,0.0,0.0,0.0,0.0,0.0,285927,0,0,0,0,0,0,0,0,0,19.21,0.0,0.0,0.0,0.0,0.0,0.0,0.0,0.0,0.0,285927,11373,0,0,0,0,0,0,0,0,0,0.0,0,0.0,0,0,0
600030.SH,600030,中信证券,20180404,92212000,92216000,73,19.21,0.0,0.0,0.0,0.0,-1.0,21.13,17.29,19.21,0.0,0.0,0.0,0.0,0.0,0.0,0.0,0.0,0.0,285927,0,0,0,0,0,0,0,0,0,19.21,0.0,0.0,0.0,0.0,0.0,0.0,0.0,0.0,0.0,285927,13173,0,0,0,0,0,0,0,0,0,0.0,0,0.0,0,0,0
600030.SH,600030,中信证券,20180404,92212000,92219000,73,19.21,0.0,0.0,0.0,0.0,-1.0,21.13,17.29,19.21,0.0,0.0,0.0,0.0,0.0,0.0,0.0,0.0,0.0,287227,0,0,0,0,0,0,0,0,0,19.21,0.0,0.0,0.0,0.0,0.0,0.0,0.0,0.0,0.0,287227,13873,0,0,0,0,0,0,0,0,0,0.0,0,0.0,0,0,0
600030.SH,600030,中信证券,20180404,92218000,92222000,73,19.21,0.0,0.0,0.0,0.0,-1.0,21.13,17.29,19.21,0.0,0.0,0.0,0.0,0.0,0.0,0.0,0.0,0.0,289627,0,0,0,0,0,0,0,0,0,19.21,0.0,0.0,0.0,0.0,0.0,0.0,0.0,0.0,0.0,289627,28573,0,0,0,0,0,0,0,0,0,0.0,0,0.0,0,0,0
600030.SH,600030,中信证券,20180404,92218000,92224000,73,19.21,0.0,0.0,0.0,0.0,-1.0,21.13,17.29,19.22,0.0,0.0,0.0,0.0,0.0,0.0,0.0,0.0,0.0,292427,0,0,0,0,0,0,0,0,0,19.22,0.0,0.0,0.0,0.0,0.0,0.0,0.0,0.0,0.0,292427,6473,0,0,0,0,0,0,0,0,0,0.0,0,0.0,0,0,0
600030.SH,600030,中信证券,20180404,92221000,92228000,73,19.21,0.0,0.0,0.0,0.0,-1.0,21.13,17.29,19.22,0.0,0.0,0.0,0.0,0.0,0.0,0.0,0.0,0.0,296927,0,0,0,0,0,0,0,0,0,19.22,0.0,0.0,0.0,0.0,0.0,0.0,0.0,0.0,0.0,296927,14773,0,0,0,0,0,0,0,0,0,0.0,0,0.0,0,0,0
600030.SH,600030,中信证券,20180404,92227000,92231000,73,19.21,0.0,0.0,0.0,0.0,-1.0,21.13,17.29,19.21,0.0,0.0,0.0,0.0,0.0,0.0,0.0,0.0,0.0,385900,10027,0,0,0,0,0,0,0,0,19.21,0.0,0.0,0.0,0.0,0.0,0.0,0.0,0.0,0.0,385900,0,0,0,0,0,0,0,0,0,0,0.0,0,0.0,0,0,0
600030.SH,600030,中信证券,20180404,92227000,92234000,73,19.21,0.0,0.0,0.0,0.0,-1.0,21.13,17.29,19.21,0.0,0.0,0.0,0.0,0.0,0.0,0.0,0.0,0.0,387400,8927,0,0,0,0,0,0,0,0,19.21,0.0,0.0,0.0,0.0,0.0,0.0,0.0,0.0,0.0,387400,0,0,0,0,0,0,0,0,0,0,0.0,0,0.0,0,0,0
600030.SH,600030,中信证券,20180404,92233000,92237000,73,19.21,0.0,0.0,0.0,0.0,-1.0,21.13,17.29,19.21,0.0,0.0,0.0,0.0,0.0,0.0,0.0,0.0,0.0,394200,4327,0,0,0,0,0,0,0,0,19.21,0.0,0.0,0.0,0.0,0.0,0.0,0.0,0.0,0.0,394200,0,0,0,0,0,0,0,0,0,0,0.0,0,0.0,0,0,0
600030.SH,600030,中信证券,20180404,92233000,92240000,73,19.21,0.0,0.0,0.0,0.0,-1.0,21.13,17.29,19.21,0.0,0.0,0.0,0.0,0.0,0.0,0.0,0.0,0.0,397300,11227,0,0,0,0,0,0,0,0,19.21,0.0,0.0,0.0,0.0,0.0,0.0,0.0,0.0,0.0,397300,0,0,0,0,0,0,0,0,0,0,0.0,0,0.0,0,0,0
600030.SH,600030,中信证券,20180404,92236000,92243000,73,19.21,0.0,0.0,0.0,0.0,-1.0,21.13,17.29,19.21,0.0,0.0,0.0,0.0,0.0,0.0,0.0,0.0,0.0,401600,8327,0,0,0,0,0,0,0,0,19.21,0.0,0.0,0.0,0.0,0.0,0.0,0.0,0.0,0.0,401600,0,0,0,0,0,0,0,0,0,0,0.0,0,0.0,0,0,0
600030.SH,600030,中信证券,20180404,92242000,92245000,73,19.21,0.0,0.0,0.0,0.0,-1.0,21.13,17.29,19.21,0.0,0.0,0.0,0.0,0.0,0.0,0.0,0.0,0.0,408100,3827,0,0,0,0,0,0,0,0,19.21,0.0,0.0,0.0,0.0,0.0,0.0,0.0,0.0,0.0,408100,0,0,0,0,0,0,0,0,0,0,0.0,0,0.0,0,0,0
600030.SH,600030,中信证券,20180404,92242000,92249000,73,19.21,0.0,0.0,0.0,0.0,-1.0,21.13,17.29,19.21,0.0,0.0,0.0,0.0,0.0,0.0,0.0,0.0,0.0,412427,0,0,0,0,0,0,0,0,0,19.21,0.0,0.0,0.0,0.0,0.0,0.0,0.0,0.0,0.0,412427,673,0,0,0,0,0,0,0,0,0,0.0,0,0.0,0,0,0
600030.SH,600030,中信证券,20180404,92248000,92251000,73,19.21,0.0,0.0,0.0,0.0,-1.0,21.13,17.29,19.21,0.0,0.0,0.0,0.0,0.0,0.0,0.0,0.0,0.0,412427,0,0,0,0,0,0,0,0,0,19.21,0.0,0.0,0.0,0.0,0.0,0.0,0.0,0.0,0.0,412427,3873,0,0,0,0,0,0,0,0,0,0.0,0,0.0,0,0,0
600030.SH,600030,中信证券,20180404,92248000,92254000,73,19.21,0.0,0.0,0.0,0.0,-1.0,21.13,17.29,19.21,0.0,0.0,0.0,0.0,0.0,0.0,0.0,0.0,0.0,422700,1127,0,0,0,0,0,0,0,0,19.21,0.0,0.0,0.0,0.0,0.0,0.0,0.0,0.0,0.0,422700,0,0,0,0,0,0,0,0,0,0,0.0,0,0.0,0,0,0
600030.SH,600030,中信证券,20180404,92251000,92258000,73,19.21,0.0,0.0,0.0,0.0,-1.0,21.13,17.29,19.21,0.0,0.0,0.0,0.0,0.0,0.0,0.0,0.0,0.0,423200,627,0,0,0,0,0,0,0,0,19.21,0.0,0.0,0.0,0.0,0.0,0.0,0.0,0.0,0.0,423200,0,0,0,0,0,0,0,0,0,0,0.0,0,0.0,0,0,0
600030.SH,600030,中信证券,20180404,92257000,92300000,73,19.21,0.0,0.0,0.0,0.0,-1.0,21.13,17.29,19.21,0.0,0.0,0.0,0.0,0.0,0.0,0.0,0.0,0.0,423900,9927,0,0,0,0,0,0,0,0,19.21,0.0,0.0,0.0,0.0,0.0,0.0,0.0,0.0,0.0,423900,0,0,0,0,0,0,0,0,0,0,0.0,0,0.0,0,0,0
600030.SH,600030,中信证券,20180404,92257000,92303000,73,19.21,0.0,0.0,0.0,0.0,-1.0,21.13,17.29,19.21,0.0,0.0,0.0,0.0,0.0,0.0,0.0,0.0,0.0,432300,1527,0,0,0,0,0,0,0,0,19.21,0.0,0.0,0.0,0.0,0.0,0.0,0.0,0.0,0.0,432300,0,0,0,0,0,0,0,0,0,0,0.0,0,0.0,0,0,0
600030.SH,600030,中信证券,20180404,92303000,92306000,73,19.21,0.0,0.0,0.0,0.0,-1.0,21.13,17.29,19.21,0.0,0.0,0.0,0.0,0.0,0.0,0.0,0.0,0.0,443900,327,0,0,0,0,0,0,0,0,19.21,0.0,0.0,0.0,0.0,0.0,0.0,0.0,0.0,0.0,443900,0,0,0,0,0,0,0,0,0,0,0.0,0,0.0,0,0,0
600030.SH,600030,中信证券,20180404,92303000,92310000,73,19.21,0.0,0.0,0.0,0.0,-1.0,21.13,17.29,19.21,0.0,0.0,0.0,0.0,0.0,0.0,0.0,0.0,0.0,449927,0,0,0,0,0,0,0,0,0,19.21,0.0,0.0,0.0,0.0,0.0,0.0,0.0,0.0,0.0,449927,7573,0,0,0,0,0,0,0,0,0,0.0,0,0.0,0,0,0
600030.SH,600030,中信证券,20180404,92306000,92312000,73,19.21,0.0,0.0,0.0,0.0,-1.0,21.13,17.29,19.21,0.0,0.0,0.0,0.0,0.0,0.0,0.0,0.0,0.0,449927,0,0,0,0,0,0,0,0,0,19.21,0.0,0.0,0.0,0.0,0.0,0.0,0.0,0.0,0.0,449927,43773,0,0,0,0,0,0,0,0,0,0.0,0,0.0,0,0,0
600030.SH,600030,中信证券,20180404,92312000,92316000,73,19.21,0.0,0.0,0.0,0.0,-1.0,21.13,17.29,19.21,0.0,0.0,0.0,0.0,0.0,0.0,0.0,0.0,0.0,449927,0,0,0,0,0,0,0,0,0,19.21,0.0,0.0,0.0,0.0,0.0,0.0,0.0,0.0,0.0,449927,45173,0,0,0,0,0,0,0,0,0,0.0,0,0.0,0,0,0
600030.SH,600030,中信证券,20180404,92312000,92319000,73,19.21,0.0,0.0,0.0,0.0,-1.0,21.13,17.29,19.22,0.0,0.0,0.0,0.0,0.0,0.0,0.0,0.0,0.0,450927,0,0,0,0,0,0,0,0,0,19.22,0.0,0.0,0.0,0.0,0.0,0.0,0.0,0.0,0.0,450927,62073,0,0,0,0,0,0,0,0,0,0.0,0,0.0,0,0,0
600030.SH,600030,中信证券,20180404,92318000,92325000,73,19.21,0.0,0.0,0.0,0.0,-1.0,21.13,17.29,19.22,0.0,0.0,0.0,0.0,0.0,0.0,0.0,0.0,0.0,455927,0,0,0,0,0,0,0,0,0,19.22,0.0,0.0,0.0,0.0,0.0,0.0,0.0,0.0,0.0,455927,70073,0,0,0,0,0,0,0,0,0,0.0,0,0.0,0,0,0
600030.SH,600030,中信证券,20180404,92321000,92327000,73,19.21,0.0,0.0,0.0,0.0,-1.0,21.13,17.29,19.22,0.0,0.0,0.0,0.0,0.0,0.0,0.0,0.0,0.0,455927,0,0,0,0,0,0,0,0,0,19.22,0.0,0.0,0.0,0.0,0.0,0.0,0.0,0.0,0.0,455927,71573,0,0,0,0,0,0,0,0,0,0.0,0,0.0,0,0,0
600030.SH,600030,中信证券,20180404,92327000,92330000,73,19.21,0.0,0.0,0.0,0.0,-1.0,21.13,17.29,19.22,0.0,0.0,0.0,0.0,0.0,0.0,0.0,0.0,0.0,461327,0,0,0,0,0,0,0,0,0,19.22,0.0,0.0,0.0,0.0,0.0,0.0,0.0,0.0,0.0,461327,67173,0,0,0,0,0,0,0,0,0,0.0,0,0.0,0,0,0
600030.SH,600030,中信证券,20180404,92327000,92333000,73,19.21,0.0,0.0,0.0,0.0,-1.0,21.13,17.29,19.22,0.0,0.0,0.0,0.0,0.0,0.0,0.0,0.0,0.0,461327,0,0,0,0,0,0,0,0,0,19.22,0.0,0.0,0.0,0.0,0.0,0.0,0.0,0.0,0.0,461327,71273,0,0,0,0,0,0,0,0,0,0.0,0,0.0,0,0,0
600030.SH,600030,中信证券,20180404,92333000,92339000,73,19.21,0.0,0.0,0.0,0.0,-1.0,21.13,17.29,19.22,0.0,0.0,0.0,0.0,0.0,0.0,0.0,0.0,0.0,462627,0,0,0,0,0,0,0,0,0,19.22,0.0,0.0,0.0,0.0,0.0,0.0,0.0,0.0,0.0,462627,71773,0,0,0,0,0,0,0,0,0,0.0,0,0.0,0,0,0
600030.SH,600030,中信证券,20180404,92336000,92342000,73,19.21,0.0,0.0,0.0,0.0,-1.0,21.13,17.29,19.22,0.0,0.0,0.0,0.0,0.0,0.0,0.0,0.0,0.0,463227,0,0,0,0,0,0,0,0,0,19.22,0.0,0.0,0.0,0.0,0.0,0.0,0.0,0.0,0.0,463227,92773,0,0,0,0,0,0,0,0,0,0.0,0,0.0,0,0,0
600030.SH,600030,中信证券,20180404,92342000,92346000,73,19.21,0.0,0.0,0.0,0.0,-1.0,21.13,17.29,19.22,0.0,0.0,0.0,0.0,0.0,0.0,0.0,0.0,0.0,467827,0,0,0,0,0,0,0,0,0,19.22,0.0,0.0,0.0,0.0,0.0,0.0,0.0,0.0,0.0,467827,95373,0,0,0,0,0,0,0,0,0,0.0,0,0.0,0,0,0
600030.SH,600030,中信证券,20180404,92342000,92348000,73,19.21,0.0,0.0,0.0,0.0,-1.0,21.13,17.29,19.22,0.0,0.0,0.0,0.0,0.0,0.0,0.0,0.0,0.0,468827,0,0,0,0,0,0,0,0,0,19.22,0.0,0.0,0.0,0.0,0.0,0.0,0.0,0.0,0.0,468827,96173,0,0,0,0,0,0,0,0,0,0.0,0,0.0,0,0,0
600030.SH,600030,中信证券,20180404,92348000,92351000,73,19.21,0.0,0.0,0.0,0.0,-1.0,21.13,17.29,19.22,0.0,0.0,0.0,0.0,0.0,0.0,0.0,0.0,0.0,507706,0,0,0,0,0,0,0,0,0,19.22,0.0,0.0,0.0,0.0,0.0,0.0,0.0,0.0,0.0,507706,60794,0,0,0,0,0,0,0,0,0,0.0,0,0.0,0,0,0
600030.SH,600030,中信证券,20180404,92348000,92355000,73,19.21,0.0,0.0,0.0,0.0,-1.0,21.13,17.29,19.22,0.0,0.0,0.0,0.0,0.0,0.0,0.0,0.0,0.0,509706,0,0,0,0,0,0,0,0,0,19.22,0.0,0.0,0.0,0.0,0.0,0.0,0.0,0.0,0.0,509706,62494,0,0,0,0,0,0,0,0,0,0.0,0,0.0,0,0,0
600030.SH,600030,中信证券,20180404,92354000,92358000,73,19.21,0.0,0.0,0.0,0.0,-1.0,21.13,17.29,19.22,0.0,0.0,0.0,0.0,0.0,0.0,0.0,0.0,0.0,509706,0,0,0,0,0,0,0,0,0,19.22,0.0,0.0,0.0,0.0,0.0,0.0,0.0,0.0,0.0,509706,77094,0,0,0,0,0,0,0,0,0,0.0,0,0.0,0,0,0
600030.SH,600030,中信证券,20180404,92357000,92401000,73,19.21,0.0,0.0,0.0,0.0,-1.0,21.13,17.29,19.22,0.0,0.0,0.0,0.0,0.0,0.0,0.0,0.0,0.0,511206,0,0,0,0,0,0,0,0,0,19.22,0.0,0.0,0.0,0.0,0.0,0.0,0.0,0.0,0.0,511206,176994,0,0,0,0,0,0,0,0,0,0.0,0,0.0,0,0,0
600030.SH,600030,中信证券,20180404,92357000,92404000,73,19.21,0.0,0.0,0.0,0.0,-1.0,21.13,17.29,19.22,0.0,0.0,0.0,0.0,0.0,0.0,0.0,0.0,0.0,511906,0,0,0,0,0,0,0,0,0,19.22,0.0,0.0,0.0,0.0,0.0,0.0,0.0,0.0,0.0,511906,187694,0,0,0,0,0,0,0,0,0,0.0,0,0.0,0,0,0
600030.SH,600030,中信证券,20180404,92403000,92407000,73,19.21,0.0,0.0,0.0,0.0,-1.0,21.13,17.29,19.22,0.0,0.0,0.0,0.0,0.0,0.0,0.0,0.0,0.0,518706,0,0,0,0,0,0,0,0,0,19.22,0.0,0.0,0.0,0.0,0.0,0.0,0.0,0.0,0.0,518706,183994,0,0,0,0,0,0,0,0,0,0.0,0,0.0,0,0,0
600030.SH,600030,中信证券,20180404,92403000,92410000,73,19.21,0.0,0.0,0.0,0.0,-1.0,21.13,17.29,19.22,0.0,0.0,0.0,0.0,0.0,0.0,0.0,0.0,0.0,531906,0,0,0,0,0,0,0,0,0,19.22,0.0,0.0,0.0,0.0,0.0,0.0,0.0,0.0,0.0,531906,173994,0,0,0,0,0,0,0,0,0,0.0,0,0.0,0,0,0
600030.SH,600030,中信证券,20180404,92409000,92413000,73,19.21,0.0,0.0,0.0,0.0,-1.0,21.13,17.29,19.22,0.0,0.0,0.0,0.0,0.0,0.0,0.0,0.0,0.0,536906,0,0,0,0,0,0,0,0,0,19.22,0.0,0.0,0.0,0.0,0.0,0.0,0.0,0.0,0.0,536906,191094,0,0,0,0,0,0,0,0,0,0.0,0,0.0,0,0,0
600030.SH,600030,中信证券,20180404,92412000,92416000,73,19.21,0.0,0.0,0.0,0.0,-1.0,21.13,17.29,19.22,0.0,0.0,0.0,0.0,0.0,0.0,0.0,0.0,0.0,547906,0,0,0,0,0,0,0,0,0,19.22,0.0,0.0,0.0,0.0,0.0,0.0,0.0,0.0,0.0,547906,186794,0,0,0,0,0,0,0,0,0,0.0,0,0.0,0,0,0
600030.SH,600030,中信证券,20180404,92412000,92419000,73,19.21,0.0,0.0,0.0,0.0,-1.0,21.13,17.29,19.22,0.0,0.0,0.0,0.0,0.0,0.0,0.0,0.0,0.0,547906,0,0,0,0,0,0,0,0,0,19.22,0.0,0.0,0.0,0.0,0.0,0.0,0.0,0.0,0.0,547906,301094,0,0,0,0,0,0,0,0,0,0.0,0,0.0,0,0,0
600030.SH,600030,中信证券,20180404,92418000,92422000,73,19.21,0.0,0.0,0.0,0.0,-1.0,21.13,17.29,19.22,0.0,0.0,0.0,0.0,0.0,0.0,0.0,0.0,0.0,580806,0,0,0,0,0,0,0,0,0,19.22,0.0,0.0,0.0,0.0,0.0,0.0,0.0,0.0,0.0,580806,285394,0,0,0,0,0,0,0,0,0,0.0,0,0.0,0,0,0
600030.SH,600030,中信证券,20180404,92418000,92425000,73,19.21,0.0,0.0,0.0,0.0,-1.0,21.13,17.29,19.22,0.0,0.0,0.0,0.0,0.0,0.0,0.0,0.0,0.0,852206,0,0,0,0,0,0,0,0,0,19.22,0.0,0.0,0.0,0.0,0.0,0.0,0.0,0.0,0.0,852206,222094,0,0,0,0,0,0,0,0,0,0.0,0,0.0,0,0,0
600030.SH,600030,中信证券,20180404,92424000,92428000,73,19.21,0.0,0.0,0.0,0.0,-1.0,21.13,17.29,19.22,0.0,0.0,0.0,0.0,0.0,0.0,0.0,0.0,0.0,852206,0,0,0,0,0,0,0,0,0,19.22,0.0,0.0,0.0,0.0,0.0,0.0,0.0,0.0,0.0,852206,252194,0,0,0,0,0,0,0,0,0,0.0,0,0.0,0,0,0
600030.SH,600030,中信证券,20180404,92430000,92431000,73,19.21,0.0,0.0,0.0,0.0,-1.0,21.13,17.29,19.22,0.0,0.0,0.0,0.0,0.0,0.0,0.0,0.0,0.0,862206,0,0,0,0,0,0,0,0,0,19.22,0.0,0.0,0.0,0.0,0.0,0.0,0.0,0.0,0.0,862206,267394,0,0,0,0,0,0,0,0,0,0.0,0,0.0,0,0,0
600030.SH,600030,中信证券,20180404,92430000,92434000,73,19.21,0.0,0.0,0.0,0.0,-1.0,21.13,17.29,19.22,0.0,0.0,0.0,0.0,0.0,0.0,0.0,0.0,0.0,867806,0,0,0,0,0,0,0,0,0,19.22,0.0,0.0,0.0,0.0,0.0,0.0,0.0,0.0,0.0,867806,382594,0,0,0,0,0,0,0,0,0,0.0,0,0.0,0,0,0
600030.SH,600030,中信证券,20180404,92433000,92437000,73,19.21,0.0,0.0,0.0,0.0,-1.0,21.13,17.29,19.22,0.0,0.0,0.0,0.0,0.0,0.0,0.0,0.0,0.0,869806,0,0,0,0,0,0,0,0,0,19.22,0.0,0.0,0.0,0.0,0.0,0.0,0.0,0.0,0.0,869806,461194,0,0,0,0,0,0,0,0,0,0.0,0,0.0,0,0,0
600030.SH,600030,中信证券,20180404,92433000,92440000,73,19.21,0.0,0.0,0.0,0.0,-1.0,21.13,17.29,19.23,0.0,0.0,0.0,0.0,0.0,0.0,0.0,0.0,0.0,879506,0,0,0,0,0,0,0,0,0,19.23,0.0,0.0,0.0,0.0,0.0,0.0,0.0,0.0,0.0,879506,186194,0,0,0,0,0,0,0,0,0,0.0,0,0.0,0,0,0
600030.SH,600030,中信证券,20180404,92439000,92443000,73,19.21,0.0,0.0,0.0,0.0,-1.0,21.13,17.29,19.23,0.0,0.0,0.0,0.0,0.0,0.0,0.0,0.0,0.0,979506,0,0,0,0,0,0,0,0,0,19.23,0.0,0.0,0.0,0.0,0.0,0.0,0.0,0.0,0.0,979506,108994,0,0,0,0,0,0,0,0,0,0.0,0,0.0,0,0,0
600030.SH,600030,中信证券,20180404,92442000,92446000,73,19.21,0.0,0.0,0.0,0.0,-1.0,21.13,17.29,19.23,0.0,0.0,0.0,0.0,0.0,0.0,0.0,0.0,0.0,1030606,0,0,0,0,0,0,0,0,0,19.23,0.0,0.0,0.0,0.0,0.0,0.0,0.0,0.0,0.0,1030606,75994,0,0,0,0,0,0,0,0,0,0.0,0,0.0,0,0,0
600030.SH,600030,中信证券,20180404,92442000,92448000,73,19.21,0.0,0.0,0.0,0.0,-1.0,21.13,17.29,19.25,0.0,0.0,0.0,0.0,0.0,0.0,0.0,0.0,0.0,1042706,0,0,0,0,0,0,0,0,0,19.25,0.0,0.0,0.0,0.0,0.0,0.0,0.0,0.0,0.0,1042706,214994,0,0,0,0,0,0,0,0,0,0.0,0,0.0,0,0,0
600030.SH,600030,中信证券,20180404,92448000,92452000,73,19.21,0.0,0.0,0.0,0.0,-1.0,21.13,17.29,19.25,0.0,0.0,0.0,0.0,0.0,0.0,0.0,0.0,0.0,1043406,0,0,0,0,0,0,0,0,0,19.25,0.0,0.0,0.0,0.0,0.0,0.0,0.0,0.0,0.0,1043406,250794,0,0,0,0,0,0,0,0,0,0.0,0,0.0,0,0,0
600030.SH,600030,中信证券,20180404,92448000,92455000,73,19.21,0.0,0.0,0.0,0.0,-1.0,21.13,17.29,19.25,0.0,0.0,0.0,0.0,0.0,0.0,0.0,0.0,0.0,1046906,0,0,0,0,0,0,0,0,0,19.25,0.0,0.0,0.0,0.0,0.0,0.0,0.0,0.0,0.0,1046906,280294,0,0,0,0,0,0,0,0,0,0.0,0,0.0,0,0,0
600030.SH,600030,中信证券,20180404,92454000,92458000,73,19.21,0.0,0.0,0.0,0.0,-1.0,21.13,17.29,19.25,0.0,0.0,0.0,0.0,0.0,0.0,0.0,0.0,0.0,1051506,0,0,0,0,0,0,0,0,0,19.25,0.0,0.0,0.0,0.0,0.0,0.0,0.0,0.0,0.0,1051506,357294,0,0,0,0,0,0,0,0,0,0.0,0,0.0,0,0,0
600030.SH,600030,中信证券,20180404,92457000,92501000,73,19.21,0.0,0.0,0.0,0.0,-1.0,21.13,17.29,19.25,0.0,0.0,0.0,0.0,0.0,0.0,0.0,0.0,0.0,1053506,0,0,0,0,0,0,0,0,0,19.25,0.0,0.0,0.0,0.0,0.0,0.0,0.0,0.0,0.0,1053506,453494,0,0,0,0,0,0,0,0,0,0.0,0,0.0,0,0,0
600030.SH,600030,中信证券,20180404,92504000,92509000,73,19.21,0.0,19.25,19.25,19.25,0.0021,21.13,17.29,19.26,19.27,19.28,19.29,19.3,19.31,19.32,19.33,19.34,19.35,15100,104100,23000,8700,36300,6100,3100,14200,16700,47200,19.25,19.24,19.23,19.22,19.21,19.2,19.19,19.18,19.17,19.16,453494,167300,210600,479000,141900,133900,1500,4800,1800,6800,5425182,20.17,5151494,18.73,351,1053506,20279991
600030.SH,600030,中信证券,20180404,92504000,92509000,73,19.21,0.0,19.25,19.25,19.25,0.0021,21.13,17.29,19.26,19.27,19.28,19.29,19.3,19.31,19.32,19.33,19.34,19.35,15100,104100,23000,8700,36300,6100,3100,14200,16700,47200,19.25,19.24,19.23,19.22,19.21,19.2,19.19,19.18,19.17,19.16,453494,167300,210600,479000,141900,133900,1500,4800,1800,6800,5425182,20.17,5151494,18.73,0,0,0
600030.SH,600030,中信证券,20180404,92507000,92515000,100,19.21,19.25,19.25,19.25,19.25,0.0021,21.13,17.29,19.26,19.27,19.28,19.29,19.3,19.31,19.32,19.33,19.34,19.35,15100,104100,23000,8700,36300,6100,3100,14200,16700,47200,19.25,19.24,19.23,19.22,19.21,19.2,19.19,19.18,19.17,19.16,453494,167300,210600,479000,141900,133900,1500,4800,1800,6800,5425182,20.17,5151494,18.73,0,0,0
600030.SH,600030,中信证券,20180404,92507000,92515000,100,19.21,19.25,19.25,19.25,19.25,0.0021,21.13,17.29,19.26,19.27,19.28,19.29,19.3,19.31,19.32,19.33,19.34,19.35,15100,104100,23000,8700,36300,6100,3100,14200,16700,47200,19.25,19.24,19.23,19.22,19.21,19.2,19.19,19.18,19.17,19.16,453494,167300,210600,479000,141900,133900,1500,4800,1800,6800,5425182,20.17,5151494,18.73,0,0,0
600030.SH,600030,中信证券,20180404,92902000,92904000,79,19.21,19.25,19.25,19.25,19.25,0.0021,21.13,17.29,19.26,19.27,19.28,19.29,19.3,19.31,19.32,19.33,19.34,19.35,15100,104100,23000,8700,36300,6100,3100,14200,16700,47200,19.25,19.24,19.23,19.22,19.21,19.2,19.19,19.18,19.17,19.16,453494,167300,210600,479000,141900,133900,1500,4800,1800,6800,5425182,20.17,5151494,18.73,0,0,0
600030.SH,600030,中信证券,20180404,92902000,92904000,79,19.21,19.25,19.25,19.25,19.25,0.0021,21.13,17.29,19.26,19.27,19.28,19.29,19.3,19.31,19.32,19.33,19.34,19.35,15100,104100,23000,8700,36300,6100,3100,14200,16700,47200,19.25,19.24,19.23,19.22,19.21,19.2,19.19,19.18,19.17,19.16,453494,167300,210600,479000,141900,133900,1500,4800,1800,6800,5425182,20.17,5151494,18.73,0,0,0
600030.SH,600030,中信证券,20180404,92906000,92907000,79,19.21,19.25,19.25,19.25,19.25,0.0021,21.13,17.29,19.26,19.27,19.28,19.29,19.3,19.31,19.32,19.33,19.34,19.35,15100,104100,23000,8700,36300,6100,3100,14200,16700,47200,19.25,19.24,19.23,19.22,19.21,19.2,19.19,19.18,19.17,19.16,453494,167300,210600,479000,141900,133900,1500,4800,1800,6800,5425182,20.17,5151494,18.73,0,0,0
600030.SH,600030,中信证券,20180404,92906000,92907000,79,19.21,19.25,19.25,19.25,19.25,0.0021,21.13,17.29,19.26,19.27,19.28,19.29,19.3,19.31,19.32,19.33,19.34,19.35,15100,104100,23000,8700,36300,6100,3100,14200,16700,47200,19.25,19.24,19.23,19.22,19.21,19.2,19.19,19.18,19.17,19.16,453494,167300,210600,479000,141900,133900,1500,4800,1800,6800,5425182,20.17,5151494,18.73,0,0,0
600030.SH,600030,中信证券,20180404,93001000,93001000,79,19.21,19.25,19.36,19.25,19.35,0.0073,21.13,17.29,19.36,19.37,19.38,19.39,19.4,19.41,19.42,19.43,19.44,19.45,5700,7600,31300,20800,42900,10500,17800,119800,6300,26500,19.35,19.32,19.31,19.3,19.29,19.28,19.27,19.26,19.25,19.24,428300,500,1700,108600,18400,11000,257000,170100,477594,162900,5478082,20.2,6194394,18.82,214,414500,8006209
600030.SH,600030,中信证券,20180404,93003000,93006000,79,19.21,19.25,19.38,19.25,19.35,0.0073,21.13,17.29,19.36,19.38,19.39,19.4,19.41,19.42,19.43,19.44,19.45,19.46,1700,21400,42500,70700,11600,22500,124900,11000,47500,7600,19.35,19.34,19.32,19.31,19.3,19.29,19.28,19.27,19.26,19.25,1000,500,1000,61700,146700,28300,103400,762000,608700,630894,6201782,20.17,7361994,18.88,221,465000,8998585
600030.SH,600030,中信证券,20180404,93007000,93009000,79,19.21,19.25,19.38,19.25,19.29,0.0042,21.13,17.29,19.3,19.31,19.32,19.33,19.34,19.35,19.36,19.37,19.38,19.39,201506,102100,2100,102200,4700,6400,14400,1100,76400,49900,19.29,19.28,19.27,19.26,19.25,19.24,19.23,19.22,19.21,19.2,1800,106200,1024600,822400,656794,154400,141000,452400,146100,146100,6912188,20.11,7756494,18.89,155,404000,7796127
600030.SH,600030,中信证券,20180404,93010000,93013000,79,19.21,19.25,19.38,19.25,19.28,0.0036,21.13,17.29,19.29,19.3,19.31,19.32,19.33,19.34,19.35,19.36,19.37,19.38,1000,203006,102100,2100,102200,5200,15600,14400,1100,78900,19.28,19.27,19.26,19.25,19.24,19.23,19.22,19.21,19.2,19.19,79900,1026300,876800,655994,154400,141700,452400,145900,148100,13900,7220988,20.1,7810894,18.89,15,26500,511366
600030.SH,600030,中信证券,20180404,93013000,93016000,79,19.21,19.25,19.38,19.25,19.27,0.0031,21.13,17.29,19.28,19.3,19.31,19.32,19.33,19.34,19.35,19.36,19.37,19.38,78000,188706,101100,2600,102400,6200,16200,17800,2100,79900,19.27,19.26,19.25,19.24,19.23,19.22,19.21,19.2,19.19,19.18,1015300,900700,657694,154400,142700,449100,143900,147600,13900,16800,7351088,20.09,7728194,18.89,47,140800,2714678
600030.SH,600030,中信证券,20180404,93016000,93019000,79,19.21,19.25,19.38,19.25,19.28,0.0036,21.13,17.29,19.29,19.3,19.31,19.32,19.33,19.34,19.35,19.36,19.37,19.38,1000,165806,101100,2600,102400,7500,72300,18000,3100,80900,19.28,19.27,19.26,19.25,19.24,19.23,19.22,19.21,19.2,19.19,91400,1014700,939800,656894,154400,143400,450100,140900,145800,13900,7356588,20.09,7885294,18.89,21,107600,2074998
600030.SH,600030,中信证券,20180404,93019000,93022000,79,19.21,19.25,19.38,19.25,19.3,0.0047,21.13,17.29,19.3,19.31,19.32,19.33,19.34,19.35,19.36,19.37,19.38,19.39,5906,101100,3500,108200,7500,78500,18000,4100,81500,67200,19.28,19.27,19.26,19.25,19.24,19.23,19.22,19.21,19.2,19.19,123100,1355700,944300,655294,154400,143400,433100,140900,177900,13900,7233988,20.1,8301594,18.91,43,174800,3373498
600030.SH,600030,中信证券,20180404,93022000,93024000,79,19.21,19.25,19.38,19.25,19.29,0.0042,21.13,17.29,19.3,19.31,19.32,19.33,19.34,19.35,19.36,19.37,19.38,19.39,1000,77006,10500,108300,7800,85600,18100,3600,82300,58300,19.29,19.28,19.27,19.26,19.25,19.24,19.23,19.22,19.21,19.2,23500,209300,1351300,999500,660494,154400,143400,432400,141200,197900,7301188,20.11,8499594,18.92,29,42900,828165
600030.SH,600030,中信证券,20180404,93025000,93028000,79,19.21,19.25,19.38,19.25,19.31,0.0052,21.13,17.29,19.31,19.32,19.33,19.34,19.35,19.36,19.37,19.38,19.39,19.4,28306,10500,108300,8000,105600,18700,4100,85300,58300,115300,19.3,19.29,19.28,19.27,19.26,19.25,19.24,19.23,19.22,19.21,9100,2900,241500,1357100,1022000,659594,154400,143200,421800,141200,7385088,20.11,8544994,18.92,43,131100,2530434
600030.SH,600030,中信证券,20180404,93028000,93030000,79,19.21,19.25,19.38,19.25,19.32,0.0057,21.13,17.29,19.33,19.34,19.35,19.36,19.37,19.38,19.39,19.4,19.41,19.42,108300,8000,112600,18700,4100,83700,58800,115400,14100,26600,19.32,19.31,19.3,19.29,19.28,19.27,19.26,19.25,19.24,19.23,392694,8000,119000,24900,250100,1319800,1024300,659794,154400,143200,7369482,20.11,9052188,18.94,28,108306,2092189
600030.SH,600030,中信证券,20180404,93031000,93032000,79,19.21,19.25,19.38,19.25,19.32,0.0057,21.13,17.29,19.33,19.34,19.35,19.36,19.37,19.38,19.39,19.4,19.41,19.42,83900,8000,114200,18700,4100,83700,58800,115300,14100,26600,19.32,19.31,19.3,19.29,19.28,19.27,19.26,19.25,19.24,19.23,57094,8500,151300,27500,245100,1281100,1022700,640994,154400,142200,7393882,20.11,8690788,18.93,29,362100,6996016
600030.SH,600030,中信证券,20180404,93034000,93038000,79,19.21,19.25,19.38,19.25,19.32,0.0057,21.13,17.29,19.33,19.34,19.35,19.36,19.37,19.38,19.39,19.4,19.41,19.42,53506,8000,127400,18700,4100,83700,58800,115300,14100,26600,19.32,19.31,19.3,19.29,19.28,19.27,19.26,19.25,19.24,19.23,1400,8200,164100,28200,242700,1260100,981900,640494,139400,142200,7385388,20.11,8554494,18.92,33,120594,2330154
600030.SH,600030,中信证券,20180404,93037000,93040000,79,19.21,19.25,19.38,19.25,19.32,0.0057,21.13,17.29,19.32,19.33,19.34,19.35,19.36,19.37,19.38,19.39,19.4,19.41,114400,60306,12200,130500,18700,4900,85700,58800,118600,14100,19.31,19.3,19.29,19.28,19.27,19.26,19.25,19.24,19.23,19.22,11000,148300,28100,235800,1220000,978900,638794,139400,142200,405800,7525588,20.1,8500394,18.92,29,60200,1162994
600030.SH,600030,中信证券,20180404,93040000,93043000,79,19.21,19.25,19.38,19.25,19.31,0.0052,21.13,17.29,19.31,19.32,19.33,19.34,19.35,19.36,19.37,19.38,19.39,19.4,1500,94300,63206,72000,130500,48700,6500,85700,58800,119800,19.3,19.29,19.28,19.27,19.26,19.25,19.24,19.23,19.22,19.21,40600,29000,222100,1216200,980100,642194,139400,142200,403100,141900,7613088,20.09,8505594,18.9,72,257400,4970368
600030.SH,600030,中信证券,20180404,93043000,93046000,79,19.21,19.25,19.38,19.25,19.31,0.0052,21.13,17.29,19.31,19.32,19.33,19.34,19.35,19.36,19.37,19.38,19.39,19.4,52200,67700,64206,72000,130200,49200,6500,86000,59100,119800,19.3,19.29,19.28,19.27,19.26,19.25,19.24,19.23,19.22,19.21,26700,27200,198700,1154000,955300,641194,139400,140200,402900,141900,7644388,20.09,8384394,18.9,38,92400,1784624
600030.SH,600030,中信证券,20180404,93046000,93049000,79,19.21,19.25,19.38,19.25,19.29,0.0042,21.13,17.29,19.3,19.31,19.32,19.33,19.34,19.35,19.36,19.37,19.38,19.39,73100,87200,76500,61206,74800,125900,49200,7500,86300,68100,19.29,19.28,19.27,19.26,19.25,19.24,19.23,19.22,19.21,19.2,16900,199000,1148500,958200,641194,138900,140200,403900,136400,201100,7800088,20.07,8340994,18.9,51,84700,1634832
600030.SH,600030,中信证券,20180404,93049000,93051000,79,19.21,19.25,19.38,19.25,19.31,0.0052,21.13,17.29,19.31,19.32,19.33,19.34,19.35,19.36,19.37,19.38,19.39,19.4,82200,96100,64606,76500,127400,49200,9500,66900,68100,120300,19.3,19.29,19.28,19.27,19.26,19.25,19.24,19.23,19.22,19.21,400,2500,211900,1148500,954800,640394,138900,140200,403600,136400,7717688,20.08,8342494,18.9,66,156700,3024288
600030.SH,600030,中信证券,20180404,93052000,93054000,79,19.21,19.25,19.38,19.25,19.3,0.0047,21.13,17.29,19.3,19.31,19.32,19.33,19.34,19.35,19.36,19.37,19.38,19.39,224846,72800,101600,65806,80500,127400,49700,8500,67200,68400,19.29,19.28,19.27,19.26,19.25,19.24,19.23,19.22,19.21,19.2,10500,210400,1136700,952900,640294,138500,137200,402900,136400,200600,7967634,20.05,8341394,18.89,50,76700,1480434
600030.SH,600030,中信证券,20180404,93055000,93056000,79,19.21,19.25,19.38,19.25,19.29,0.0042,21.13,17.29,19.3,19.31,19.32,19.33,19.34,19.35,19.36,19.37,19.38,19.39,102746,80800,109900,66806,89000,127700,44700,8500,67200,68400,19.29,19.28,19.27,19.26,19.25,19.24,19.23,19.22,19.21,19.2,7700,209900,1137900,959400,639894,138500,137200,402900,136400,199800,7872134,20.07,8345494,18.89,47,245300,4734203
600030.SH,600030,中信证券,20180404,93058000,93101000,79,19.21,19.25,19.38,19.25,19.3,0.0047,21.13,17.29,19.3,19.31,19.32,19.33,19.34,19.35,19.36,19.37,19.38,19.39,56346,80800,112400,66806,83800,129400,44700,8500,67200,68400,19.29,19.28,19.27,19.26,19.25,19.24,19.23,19.22,19.21,19.2,13800,208600,1126500,942700,200900,138500,137200,402900,135800,195000,7848834,20.07,7883200,18.87,34,82000,1582526
600030.SH,600030,中信证券,20180404,93101000,93103000,79,19.21,19.25,19.38,19.25,19.29,0.0042,21.13,17.29,19.3,19.31,19.32,19.33,19.34,19.35,19.36,19.37,19.38,19.39,32546,37200,112400,66106,102400,144500,44700,8500,68800,78900,19.29,19.28,19.27,19.26,19.25,19.24,19.23,19.22,19.21,19.2,59300,218100,1113300,935700,202200,138500,137200,402900,137800,194600,7835534,20.07,7922100,18.88,59,51600,995764
600030.SH,600030,中信证券,20180404,93104000,93106000,79,19.21,19.25,19.38,19.25,19.29,0.0042,21.13,17.29,19.29,19.3,19.31,19.32,19.33,19.34,19.35,19.36,19.37,19.38,22200,6346,40200,109100,66106,102300,147500,44700,8500,68800,19.28,19.27,19.26,19.25,19.24,19.23,19.22,19.21,19.2,19.19,219100,1041500,934700,205200,138500,135200,402900,137800,195600,13900,7856534,20.07,7791700,18.87,65,113400,2187862
600030.SH,600030,中信证券,20180404,93107000,93111000,79,19.21,19.25,19.38,19.25,19.29,0.0042,21.13,17.29,19.29,19.3,19.31,19.32,19.33,19.34,19.35,19.36,19.37,19.38,5500,71846,41100,107100,66806,108300,147500,44700,12300,68800,19.28,19.27,19.26,19.25,19.24,19.23,19.22,19.21,19.2,19.19,187900,1037000,900200,203000,138500,134900,402900,137800,194800,13900,7925534,20.07,7713200,18.87,43,104800,2021278
600030.SH,600030,中信证券,20180404,93110000,93113000,79,19.21,19.25,19.38,19.25,19.29,0.0042,21.13,17.29,19.29,19.3,19.31,19.32,19.33,19.34,19.35,19.36,19.37,19.38,9946,900,41100,106000,81906,108300,129000,44900,12300,70300,19.28,19.27,19.26,19.25,19.24,19.23,19.22,19.21,19.2,19.19,187100,1034800,880500,203500,145800,134900,401600,136800,195500,13900,7866834,20.07,7698300,18.86,50,129100,2491270
600030.SH,600030,中信证券,20180404,93113000,93115000,79,19.21,19.25,19.38,19.25,19.29,0.0042,21.13,17.29,19.3,19.31,19.32,19.33,19.34,19.35,19.36,19.37,19.38,19.39,18700,43100,101900,81606,111100,129000,44900,12300,71500,81700,19.29,19.28,19.27,19.26,19.25,19.24,19.23,19.22,19.21,19.2,47254,170800,1034300,878700,204000,145800,135100,400600,136800,196000,7899088,20.07,7728754,18.87,33,58146,1121682
600030.SH,600030,中信证券,20180404,93116000,93118000,79,19.21,19.25,19.38,19.25,19.29,0.0042,21.13,17.29,19.29,19.3,19.31,19.32,19.33,19.34,19.35,19.36,19.37,19.38,6946,135600,43500,77900,81606,111100,129900,44900,12300,72100,19.28,19.27,19.26,19.25,19.24,19.23,19.22,19.21,19.2,19.19,122000,1035800,870300,185000,145500,135100,396600,135800,201800,13900,8028934,20.06,7607800,18.86,51,198954,3837776
600030.SH,600030,中信证券,20180404,93119000,93122000,79,19.21,19.25,19.38,19.25,19.29,0.0042,21.13,17.29,19.3,19.31,19.32,19.33,19.34,19.35,19.36,19.37,19.38,19.39,135700,45200,77900,81606,111100,129600,44900,12300,77100,75900,19.29,19.28,19.27,19.26,19.25,19.24,19.23,19.22,19.21,19.2,2400,123154,1035800,868600,185000,146000,134800,400500,137100,201700,8029788,20.06,7613654,18.86,39,50846,980927
600030.SH,600030,中信证券,20180404,93122000,93126000,79,19.21,19.25,19.38,19.25,19.28,0.0036,21.13,17.29,19.29,19.3,19.31,19.32,19.33,19.34,19.35,19.36,19.37,19.38,4400,143100,51400,78500,81306,111100,131600,45400,12300,77400,19.28,19.27,19.26,19.25,19.24,19.23,19.22,19.21,19.2,19.19,130854,1031800,856200,188200,146000,134800,400500,137100,201200,13900,8093388,20.06,7605854,18.86,39,64900,1252043
600030.SH,600030,中信证券,20180404,93125000,93128000,79,19.21,19.25,19.38,19.25,19.3,0.0047,21.13,17.29,19.3,19.31,19.32,19.33,19.34,19.35,19.36,19.37,19.38,19.39,196900,41000,78300,82906,111100,134600,45400,12300,94600,75900,19.29,19.28,19.27,19.26,19.25,19.24,19.23,19.22,19.21,19.2,4400,139954,1021300,834000,188200,146000,135300,400700,137100,201200,8177388,20.05,7586854,18.86,40,86400,1666883
600030.SH,600030,中信证券,20180404,93128000,93130000,79,19.21,19.25,19.38,19.25,19.29,0.0042,21.13,17.29,19.3,19.31,19.32,19.33,19.34,19.35,19.36,19.37,19.38,19.39,194600,43700,74500,81906,110100,134600,45400,12300,95600,75900,19.29,19.28,19.27,19.26,19.25,19.24,19.23,19.22,19.21,19.2,600,131254,1021800,833000,188700,146000,136200,395500,137100,201700,8192388,20.05,7571054,18.86,38,67500,1302262
600030.SH,600030,中信证券,20180404,93131000,93135000,79,19.21,19.25,19.38,19.25,19.28,0.0036,21.13,17.29,19.29,19.3,19.31,19.32,19.33,19.34,19.35,19.36,19.37,19.38,157500,200100,45700,74500,82406,110100,134700,45500,11300,95600,19.28,19.27,19.26,19.25,19.24,19.23,19.22,19.21,19.2,19.19,119254,985700,832800,188500,146000,136200,392500,137100,203000,13900,8387088,20.04,7523654,18.86,23,40300,777272
600030.SH,600030,中信证券,20180404,93134000,93137000,79,19.21,19.25,19.38,19.25,19.28,0.0036,21.13,17.29,19.29,19.3,19.31,19.32,19.33,19.34,19.35,19.36,19.37,19.38,155900,205800,43600,71100,83406,110400,133600,42100,11300,96100,19.28,19.27,19.26,19.25,19.24,19.23,19.22,19.21,19.2,19.19,54554,934200,845000,188100,146000,135500,392500,136900,203300,13900,8394688,20.04,7433154,18.85,71,113000,2179074
600030.SH,600030,中信证券,20180404,93137000,93140000,79,19.21,19.25,19.38,19.25,19.28,0.0036,21.13,17.29,19.28,19.29,19.3,19.31,19.32,19.33,19.34,19.35,19.36,19.37,64946,111600,217200,51900,69900,85806,109400,133700,42400,11300,19.27,19.26,19.25,19.24,19.23,19.22,19.21,19.2,19.19,19.18,932600,839900,188100,146000,135000,392500,141900,203300,13900,20800,8446534,20.03,7377300,18.85,56,137554,2652744
600030.SH,600030,中信证券,20180404,93140000,93144000,79,19.21,19.25,19.38,19.25,19.27,0.0031,21.13,17.29,19.28,19.29,19.3,19.31,19.32,19.33,19.34,19.35,19.36,19.37,103646,122000,211200,50900,70100,82806,109400,134700,42400,12300,19.27,19.26,19.25,19.24,19.23,19.22,19.21,19.2,19.19,19.18,498800,837800,193100,146000,135000,392500,141900,203700,13900,20800,8499534,20.03,6944800,18.82,113,465300,8966656
600030.SH,600030,中信证券,20180404,93143000,93146000,79,19.21,19.25,19.38,19.25,19.26,0.0026,21.13,17.29,19.27,19.28,19.29,19.3,19.31,19.32,19.33,19.34,19.35,19.36,236850,81646,124200,179800,50900,69100,82806,109000,134700,45000,19.26,19.25,19.24,19.23,19.22,19.21,19.2,19.19,19.18,19.17,782900,194300,146000,135000,392000,140900,203100,13900,20800,4000,8693884,20.01,6392800,18.78,69,529900,10211270
600030.SH,600030,中信证券,20180404,93146000,93149000,79,19.21,19.25,19.38,19.25,19.27,0.0031,21.13,17.29,19.27,19.28,19.29,19.3,19.31,19.32,19.33,19.34,19.35,19.36,296500,139600,129500,178800,50200,73100,82806,103000,138200,45000,19.26,19.25,19.24,19.23,19.22,19.21,19.2,19.19,19.18,19.17,423600,174300,146000,99100,390800,145200,202900,13900,20800,4000,8871888,20.0,5993700,18.75,186,395100,7610024
600030.SH,600030,中信证券,20180404,93149000,93152000,79,19.21,19.25,19.38,19.25,19.26,0.0026,21.13,17.29,19.27,19.28,19.29,19.3,19.31,19.32,19.33,19.34,19.35,19.36,107800,164600,131400,178800,42700,72500,82806,57400,138200,45000,19.26,19.25,19.24,19.23,19.22,19.21,19.2,19.19,19.18,19.17,86500,174300,146400,98100,390800,145500,203400,18900,20800,4000,8641588,20.02,5671000,18.72,193,413400,7962867
600030.SH,600030,中信证券,20180404,93152000,93155000,79,19.21,19.25,19.38,19.25,19.26,0.0026,21.13,17.29,19.27,19.28,19.29,19.3,19.31,19.32,19.33,19.34,19.35,19.36,267100,163300,124400,179100,43400,67500,82306,57400,138700,38400,19.26,19.25,19.24,19.23,19.22,19.21,19.2,19.19,19.18,19.17,7400,174300,146400,98100,385800,145600,203900,18900,21900,4000,8803088,20.01,5591600,18.71,57,94300,1816245
600030.SH,600030,中信证券,20180404,93155000,93157000,79,19.21,19.25,19.38,19.25,19.25,0.0021,21.13,17.29,19.26,19.27,19.28,19.29,19.3,19.31,19.32,19.33,19.34,19.35,382900,274800,125400,122400,177100,41300,67300,82306,57400,137700,19.25,19.24,19.23,19.22,19.21,19.2,19.19,19.18,19.17,19.16,111800,146400,103100,387200,147600,204000,17900,21900,4000,23200,9159288,19.98,5533700,18.7,55,98000,1886869
600030.SH,600030,中信证券,20180404,93158000,93200000,79,19.21,19.25,19.38,19.25,19.25,0.0021,21.13,17.29,19.25,19.26,19.27,19.28,19.29,19.3,19.31,19.32,19.33,19.34,12500,466200,289700,117000,116300,194700,40200,57400,82306,55400,19.24,19.23,19.22,19.21,19.2,19.19,19.18,19.17,19.16,19.15,146400,103200,387200,147600,205700,18400,21900,4000,23200,82200,9289388,19.97,5426900,18.69,87,125500,2416012
600030.SH,600030,中信证券,20180404,93201000,93202000,79,19.21,19.25,19.38,19.24,19.25,0.0021,21.13,17.29,19.25,19.26,19.27,19.28,19.29,19.3,19.31,19.32,19.33,19.34,10000,616000,286300,112900,129700,191800,38700,57400,82306,55400,19.24,19.23,19.22,19.21,19.2,19.19,19.18,19.17,19.16,19.15,115800,103200,387200,147600,199900,18400,21900,4000,23200,81700,9430888,19.96,5397600,18.69,30,54400,1046894
600030.SH,600030,中信证券,20180404,93204000,93205000,79,19.21,19.25,19.38,19.24,19.25,0.0021,21.13,17.29,19.26,19.27,19.28,19.29,19.3,19.31,19.32,19.33,19.34,19.35,625900,283600,107900,139600,192900,48700,53900,82306,55400,149500,19.25,19.24,19.23,19.22,19.21,19.2,19.19,19.18,19.17,19.16,8600,91900,102800,387200,143800,200900,18400,21900,4000,23200,9491188,19.96,5388300,18.69,27,53700,1033549
600030.SH,600030,中信证券,20180404,93207000,93207000,79,19.21,19.25,19.38,19.24,19.25,0.0021,21.13,17.29,19.25,19.26,19.27,19.28,19.29,19.3,19.31,19.32,19.33,19.34,157800,630000,275600,101700,138400,192600,48700,52500,82306,55400,19.24,19.23,19.22,19.21,19.2,19.19,19.18,19.17,19.16,19.15,52500,102100,387200,142800,199400,18400,21900,4000,23200,82700,9591888,19.95,5342100,18.68,24,51600,992904
600030.SH,600030,中信证券,20180404,93210000,93211000,79,19.21,19.25,19.38,19.24,19.24,0.0016,21.13,17.29,19.25,19.26,19.27,19.28,19.29,19.3,19.31,19.32,19.33,19.34,142248,503000,254200,97000,135400,152800,48700,52200,82306,55400,19.24,19.23,19.22,19.21,19.2,19.19,19.18,19.17,19.16,19.15,31100,101600,387200,140200,189300,18400,21900,4000,23200,82700,9390936,19.97,5317700,18.68,37,57900,1114356
600030.SH,600030,中信证券,20180404,93213000,93213000,79,19.21,19.25,19.38,19.24,19.24,0.0016,21.13,17.29,19.25,19.26,19.27,19.28,19.29,19.3,19.31,19.32,19.33,19.34,165548,536100,250700,92000,140800,152700,48700,52200,82306,57500,19.24,19.23,19.22,19.21,19.2,19.19,19.18,19.17,19.16,19.15,3200,98600,387200,140200,192800,18400,21900,4000,23200,82700,9438836,19.96,5300300,18.68,32,35200,677321
600030.SH,600030,中信证券,20180404,93216000,93216000,79,19.21,19.25,19.38,19.23,19.25,0.0021,21.13,17.29,19.25,19.26,19.27,19.28,19.29,19.3,19.31,19.32,19.33,19.34,148548,219200,246700,91600,139800,155700,47800,52100,82306,59500,19.24,19.23,19.22,19.21,19.2,19.19,19.18,19.17,19.16,19.15,2800,74200,388200,146200,193900,18400,21900,4000,23200,82700,9115636,19.99,5286900,18.68,46,145400,2797470
600030.SH,600030,中信证券,20180404,93219000,93220000,79,19.21,19.25,19.38,19.23,19.24,0.0016,21.13,17.29,19.24,19.25,19.26,19.27,19.28,19.29,19.3,19.31,19.32,19.33,57800,194848,214500,222700,90000,139400,155100,47800,50100,82306,19.23,19.22,19.21,19.2,19.19,19.18,19.17,19.16,19.15,19.14,54400,386800,146200,224900,18400,22000,4000,23200,82700,8200,9202036,19.98,5295200,18.68,28,52700,1013864
600030.SH,600030,中信证券,20180404,93222000,93223000,79,19.21,19.25,19.38,19.23,19.23,0.001,21.13,17.29,19.24,19.25,19.26,19.27,19.28,19.29,19.3,19.31,19.32,19.33,113207,197448,206900,217100,87700,121200,153300,47800,50100,82506,19.23,19.22,19.21,19.2,19.19,19.18,19.17,19.16,19.15,19.14,51300,385800,142200,229900,18400,22000,4000,23200,82700,8200,9236243,19.98,5292700,18.68,27,45800,881155
600030.SH,600030,中信证券,20180404,93225000,93226000,79,19.21,19.25,19.38,19.23,19.23,0.001,21.13,17.29,19.23,19.24,19.25,19.26,19.27,19.28,19.29,19.3,19.31,19.32,400,55207,193348,203400,216600,87700,120600,153800,47800,49500,19.22,19.21,19.2,19.19,19.18,19.17,19.16,19.15,19.14,19.13,388700,142200,230900,18400,22000,4000,23200,82700,8200,31500,9185243,19.99,5247600,18.67,80,161600,3108602
600030.SH,600030,中信证券,20180404,93228000,93229000,79,19.21,19.25,19.38,19.22,19.23,0.001,21.13,17.29,19.23,19.24,19.25,19.26,19.27,19.28,19.29,19.3,19.31,19.32,96700,64507,217748,192800,219100,87700,120600,155100,47800,49500,19.22,19.21,19.2,19.19,19.18,19.17,19.16,19.15,19.14,19.13,378400,142200,231400,20300,22500,4000,23200,82700,8200,31500,9318143,19.98,5244300,18.67,24,96200,1849823
600030.SH,600030,中信证券,20180404,93231000,93232000,79,19.21,19.25,19.38,19.22,19.22,0.0005,21.13,17.29,19.23,19.24,19.25,19.26,19.27,19.28,19.29,19.3,19.31,19.32,112000,69607,254148,187300,219100,84700,120600,158200,47800,49500,19.22,19.21,19.2,19.19,19.18,19.17,19.16,19.15,19.14,19.13,235900,142200,231500,20300,22500,4000,23200,82200,8200,31500,9400443,19.97,5104600,18.66,35,224600,4317673
600030.SH,600030,中信证券,20180404,93234000,93236000,79,19.21,19.25,19.38,19.22,19.22,0.0005,21.13,17.29,19.23,19.24,19.25,19.26,19.27,19.28,19.29,19.3,19.31,19.32,126700,95007,254348,183600,219100,84700,120600,159300,47800,49500,19.22,19.21,19.2,19.19,19.18,19.17,19.16,19.15,19.14,19.13,223200,148900,230000,20600,22500,4500,23200,87200,8200,32100,9445043,19.97,5105900,18.66,25,31400,603695
600030.SH,600030,中信证券,20180404,93237000,93238000,79,19.21,19.25,19.38,19.22,19.22,0.0005,21.13,17.29,19.23,19.24,19.25,19.26,19.27,19.28,19.29,19.3,19.31,19.32,124900,99207,251848,183600,219100,84700,120600,135100,47800,49500,19.22,19.21,19.2,19.19,19.18,19.17,19.16,19.15,19.14,19.13,192300,148000,230000,21600,22500,4500,23200,87200,8200,32100,9438243,19.97,5077100,18.65,29,64900,1247518
600030.SH,600030,中信证券,20180404,93240000,93240000,79,19.21,19.25,19.38,19.22,19.22,0.0005,21.13,17.29,19.23,19.24,19.25,19.26,19.27,19.28,19.29,19.3,19.31,19.32,117600,102707,250448,183600,219100,83200,120600,134800,47800,44600,19.22,19.21,19.2,19.19,19.18,19.17,19.16,19.15,19.14,19.13,131900,149000,230000,21600,22500,4500,23700,87200,8200,32100,9430443,19.97,5019700,18.65,33,67800,1303225
600030.SH,600030,中信证券,20180404,93243000,93243000,79,19.21,19.25,19.38,19.22,19.22,0.0005,21.13,17.29,19.23,19.24,19.25,19.26,19.27,19.28,19.29,19.3,19.31,19.32,129200,99807,239148,168200,219100,83200,119300,134500,47800,45000,19.22,19.21,19.2,19.19,19.18,19.17,19.16,19.15,19.14,19.13,69900,149000,210600,21600,22500,5500,23700,87200,8200,32100,9426643,19.97,4947600,18.64,78,93800,1802886
600030.SH,600030,中信证券,20180404,93246000,93246000,79,19.21,19.25,19.38,19.21,19.21,0.0,21.13,17.29,19.22,19.23,19.24,19.25,19.26,19.27,19.28,19.29,19.3,19.31,65800,92700,96900,257448,148200,219100,83200,119300,129600,47800,19.21,19.2,19.19,19.18,19.17,19.16,19.15,19.14,19.13,19.12,134000,210500,22600,22500,5500,23700,87200,8200,32100,14000,9430236,19.97,4875800,18.63,61,106700,2050792
600030.SH,600030,中信证券,20180404,93249000,93250000,79,19.21,19.25,19.38,19.21,19.22,0.0005,21.13,17.29,19.22,19.23,19.24,19.25,19.26,19.27,19.28,19.29,19.3,19.31,106100,101300,95700,254648,146200,217000,83200,119300,129100,47500,19.21,19.2,19.19,19.18,19.17,19.16,19.15,19.14,19.13,19.12,147200,211500,22600,22500,5500,23700,87200,8200,32100,14000,10049536,20.01,4912600,18.63,11,12100,232547
600030.SH,600030,中信证券,20180404,93252000,93253000,79,19.21,19.25,19.38,19.21,19.22,0.0005,21.13,17.29,19.22,19.23,19.24,19.25,19.26,19.27,19.28,19.29,19.3,19.31,115500,100000,92900,252748,146200,216300,74600,119300,129400,47500,19.21,19.2,19.19,19.18,19.17,19.16,19.15,19.14,19.13,19.12,145900,211500,22600,27500,5500,23700,86800,8200,32100,14000,10055836,20.01,4921700,18.63,42,62200,1195211
600030.SH,600030,中信证券,20180404,93255000,93255000,79,19.21,19.25,19.38,19.21,19.21,0.0,21.13,17.29,19.21,19.22,19.23,19.24,19.25,19.26,19.27,19.28,19.29,19.3,62400,8500,92300,87900,252248,143200,216300,74600,119300,128400,19.2,19.19,19.18,19.17,19.16,19.15,19.14,19.13,19.12,19.11,222000,22600,27500,5500,23700,86800,7200,32100,14000,26000,9999036,20.02,4789300,18.61,180,304700,5854764
600030.SH,600030,中信证券,20180404,93258000,93258000,79,19.21,19.25,19.38,19.2,19.21,0.0,21.13,17.29,19.21,19.22,19.23,19.24,19.25,19.26,19.27,19.28,19.29,19.3,70900,41700,92700,94600,246200,143200,197100,74600,117200,128400,19.2,19.19,19.18,19.17,19.16,19.15,19.14,19.13,19.12,19.11,209100,22600,27500,5500,23700,86800,7200,32100,14000,26000,10041888,20.01,4777200,18.61,27,69500,1334966
600030.SH,600030,中信证券,20180404,93301000,93301000,79,19.21,19.25,19.38,19.2,19.21,0.0,21.13,17.29,19.21,19.22,19.23,19.24,19.25,19.26,19.27,19.28,19.29,19.3,47400,65700,92200,94600,246100,143100,197100,72000,117200,133300,19.2,19.19,19.18,19.17,19.16,19.15,19.14,19.13,19.12,19.11,204700,22600,27500,5500,23900,86800,7200,32100,14000,26000,10082688,20.01,4775500,18.61,38,89400,1717312
600030.SH,600030,中信证券,20180404,93304000,93304000,79,19.21,19.25,19.38,19.2,19.21,0.0,21.13,17.29,19.21,19.22,19.23,19.24,19.25,19.26,19.27,19.28,19.29,19.3,55000,71400,88500,93200,245100,143100,196500,72000,117200,134900,19.2,19.19,19.18,19.17,19.16,19.15,19.14,19.13,19.12,19.11,203000,20700,27900,5500,22600,86800,7200,32100,14000,26000,10103288,20.01,4774500,18.61,21,17900,343841
600030.SH,600030,中信证券,20180404,93307000,93307000,79,19.21,19.25,19.38,19.2,19.21,0.0,21.13,17.29,19.21,19.22,19.23,19.24,19.25,19.26,19.27,19.28,19.29,19.3,9200,92900,82500,97300,244100,143700,196500,70400,113200,135600,19.2,19.19,19.18,19.17,19.16,19.15,19.14,19.13,19.12,19.11,170500,20700,27900,10900,22600,89800,7200,32100,14000,26000,10076888,20.02,4754500,18.61,75,125800,2416064
600030.SH,600030,中信证券,20180404,93310000,93311000,79,19.21,19.25,19.38,19.2,19.21,0.0,21.13,17.29,19.22,19.23,19.24,19.25,19.26,19.27,19.28,19.29,19.3,19.31,83400,84900,96500,243900,143700,196500,70400,112100,135600,48000,19.21,19.2,19.19,19.18,19.17,19.16,19.15,19.14,19.13,19.12,31300,70600,23400,27900,10900,23600,89800,7200,32100,14000,10062688,20.02,4697600,18.6,52,152300,2924786
600030.SH,600030,中信证券,20180404,93313000,93314000,79,19.21,19.25,19.38,19.2,19.2,-0.0005,21.13,17.29,19.21,19.22,19.23,19.24,19.25,19.26,19.27,19.28,19.29,19.3,1400,81300,78000,96500,242900,143700,195100,70400,112100,137300,19.2,19.19,19.18,19.17,19.16,19.15,19.14,19.13,19.12,19.11,29600,23400,27900,10900,23600,89800,7200,32100,13000,26000,10052988,20.02,4623200,18.59,64,105900,2033806
600030.SH,600030,中信证券,20180404,93316000,93316000,79,19.21,19.25,19.38,19.2,19.22,0.0005,21.13,17.29,19.22,19.23,19.24,19.25,19.26,19.27,19.28,19.29,19.3,19.31,54800,79300,97500,242900,143700,195100,70400,102100,138300,48000,19.2,19.19,19.18,19.17,19.16,19.15,19.14,19.13,19.12,19.11,8853,23400,28900,10900,23600,89800,7200,32100,13000,23000,10026388,20.02,4603653,18.59,64,97547,1873660
600030.SH,600030,中信证券,20180404,93319000,93319000,79,19.21,19.25,19.38,19.2,19.21,0.0,21.13,17.29,19.22,19.23,19.24,19.25,19.26,19.27,19.28,19.29,19.3,19.31,48100,92200,97500,245700,143200,195100,65200,102100,139300,48000,19.21,19.2,19.19,19.18,19.17,19.16,19.15,19.14,19.13,19.12,19853,106500,23600,28900,11500,23600,89800,7200,32100,13000,10043788,20.02,4723653,18.61,41,46300,889294
600030.SH,600030,中信证券,20180404,93322000,93322000,79,19.21,19.25,19.38,19.2,19.21,0.0,21.13,17.29,19.22,19.23,19.24,19.25,19.26,19.27,19.28,19.29,19.3,19.31,21900,92200,110100,245200,143200,186300,65200,97100,136800,48000,19.21,19.2,19.19,19.18,19.17,19.16,19.15,19.14,19.13,19.12,58853,115500,44200,28900,15900,45600,96300,7200,37100,13000,10023788,20.02,4844453,18.62,40,62600,1202803
600030.SH,600030,中信证券,20180404,93325000,93325000,79,19.21,19.25,19.38,19.2,19.22,0.0005,21.13,17.29,19.23,19.24,19.25,19.26,19.27,19.28,19.29,19.3,19.31,19.32,90200,110100,242200,142000,186000,64600,97100,137500,48000,46400,19.22,19.21,19.2,19.19,19.18,19.17,19.16,19.15,19.14,19.13,157000,47353,129900,44200,31900,18900,47100,96300,7200,37100,10005188,20.02,5011853,18.64,40,82200,1579286
600030.SH,600030,中信证券,20180404,93328000,93329000,79,19.21,19.25,19.38,19.2,19.22,0.0005,21.13,17.29,19.23,19.24,19.25,19.26,19.27,19.28,19.29,19.3,19.31,19.32,45300,110100,206400,142000,186500,64600,95300,137500,48000,46400,19.22,19.21,19.2,19.19,19.18,19.17,19.16,19.15,19.14,19.13,107800,105353,172600,45900,33400,21600,47100,96300,7200,37100,9992033,20.02,5137453,18.65,49,96400,1853244
600030.SH,600030,中信证券,20180404,93331000,93331000,79,19.21,19.25,19.38,19.2,19.22,0.0005,21.13,17.29,19.23,19.24,19.25,19.26,19.27,19.28,19.29,19.3,19.31,19.32,20300,108500,206700,142000,186500,64600,95300,139400,48000,46400,19.22,19.21,19.2,19.19,19.18,19.17,19.16,19.15,19.14,19.13,67600,272753,175200,45900,33400,21600,45100,96500,7200,37100,9952633,20.03,5277553,18.66,30,69200,1330274
600030.SH,600030,中信证券,20180404,93334000,93335000,79,19.21,19.25,19.38,19.2,19.22,0.0005,21.13,17.29,19.23,19.24,19.25,19.26,19.27,19.28,19.29,19.3,19.31,19.32,2500,108500,206700,139800,186500,64500,95300,140600,48000,46400,19.22,19.21,19.2,19.19,19.18,19.17,19.16,19.15,19.14,19.13,54200,285553,185000,45900,49400,19100,46100,97500,7200,37100,9935633,20.03,5305453,18.67,28,39000,749815
600030.SH,600030,中信证券,20180404,93337000,93338000,79,19.21,19.25,19.38,19.2,19.24,0.0016,21.13,17.29,19.24,19.25,19.26,19.27,19.28,19.29,19.3,19.31,19.32,19.33,78500,206700,108500,186500,62300,95300,140700,48000,46400,75006,19.23,19.22,19.21,19.2,19.19,19.18,19.17,19.16,19.15,19.14,186800,67300,287953,185800,44200,49400,19400,46100,98500,7200,9872833,20.04,5510153,18.69,39,55100,1059833
600030.SH,600030,中信证券,20180404,93340000,93340000,79,19.21,19.25,19.38,19.2,19.24,0.0016,21.13,17.29,19.25,19.26,19.27,19.28,19.29,19.3,19.31,19.32,19.33,19.34,202700,108500,186500,62300,95300,137600,48000,46400,75006,38500,19.24,19.23,19.22,19.21,19.2,19.19,19.18,19.17,19.16,19.15,36500,191900,121100,286953,185300,44200,50100,19400,46400,98500,9819733,20.04,5617953,18.7,44,112400,2162514
600030.SH,600030,中信证券,20180404,93343000,93343000,79,19.21,19.25,19.38,19.2,19.23,0.001,21.13,17.29,19.25,19.26,19.27,19.28,19.29,19.3,19.31,19.32,19.33,19.34,188500,108000,186500,62300,95300,142700,45000,46400,75206,38500,19.23,19.22,19.21,19.2,19.19,19.18,19.17,19.16,19.15,19.14,180300,122100,287453,185800,44200,50100,19400,46400,98500,7200,9816633,20.04,5591053,18.69,22,92400,1777553
600030.SH,600030,中信证券,20180404,93346000,93347000,79,19.21,19.25,19.38,19.2,19.24,0.0016,21.13,17.29,19.25,19.26,19.27,19.28,19.29,19.3,19.31,19.32,19.33,19.34,95400,78000,186500,62300,93000,142700,45000,46400,75206,38500,19.24,19.23,19.22,19.21,19.2,19.19,19.18,19.17,19.16,19.15,64500,168500,111000,237953,193600,44200,50100,19700,46400,98500,9690633,20.05,5597553,18.69,37,133200,2563536
600030.SH,600030,中信证券,20180404,93349000,93350000,79,19.21,19.25,19.38,19.2,19.25,0.0021,21.13,17.29,19.25,19.26,19.27,19.28,19.29,19.3,19.31,19.32,19.33,19.34,73800,78000,186500,62300,93000,143200,45000,46400,95906,38500,19.24,19.23,19.22,19.21,19.2,19.19,19.18,19.17,19.16,19.15,39500,183200,109800,231853,185000,44200,50700,19700,46400,268500,9701533,20.05,5749253,18.71,17,58600,1127703
600030.SH,600030,中信证券,20180404,93352000,93352000,79,19.21,19.25,19.38,19.2,19.25,0.0021,21.13,17.29,19.26,19.27,19.28,19.29,19.3,19.31,19.32,19.33,19.34,19.35,78000,184500,62300,93000,143200,45000,46400,95906,38500,180445,19.25,19.24,19.23,19.22,19.21,19.2,19.19,19.18,19.17,19.16,7600,67100,192300,109800,72253,186600,44200,50700,19700,46400,9545233,20.05,5635553,18.7,42,68500,1318601
600030.SH,600030,中信证券,20180404,93355000,93355000,79,19.21,19.25,19.38,19.2,19.25,0.0021,21.13,17.29,19.26,19.27,19.28,19.29,19.3,19.31,19.32,19.33,19.34,19.35,25400,184000,62300,93000,142700,45000,46400,95906,38500,184545,19.25,19.24,19.23,19.22,19.21,19.2,19.19,19.18,19.17,19.16,4700,73800,181200,110400,68100,179600,44200,50700,19700,46800,9518133,20.05,5639500,18.7,29,81300,1565507
600030.SH,600030,中信证券,20180404,93358000,93358000,79,19.21,19.25,19.38,19.2,19.24,0.0016,21.13,17.29,19.26,19.27,19.28,19.29,19.3,19.31,19.32,19.33,19.34,19.35,15000,184000,52200,93000,142700,45000,46900,95406,39500,185645,19.24,19.23,19.22,19.21,19.2,19.19,19.18,19.17,19.16,19.15,74500,181700,113900,71200,177100,44200,45700,19700,46800,268900,9506233,20.06,5649300,18.7,44,48000,924041
600030.SH,600030,中信证券,20180404,93401000,93401000,79,19.21,19.25,19.38,19.2,19.24,0.0016,21.13,17.29,19.25,19.26,19.27,19.28,19.29,19.3,19.31,19.32,19.33,19.34,3900,9000,79000,52400,93000,145400,44000,46900,95406,39500,19.24,19.23,19.22,19.21,19.2,19.19,19.18,19.17,19.16,19.15,89700,183700,113900,87700,178300,44200,46000,19700,46800,268900,9412733,20.07,5688800,18.7,52,191900,3696253
600030.SH,600030,中信证券,20180404,93404000,93405000,79,19.21,19.25,19.38,19.2,19.25,0.0021,21.13,17.29,19.25,19.26,19.27,19.28,19.29,19.3,19.31,19.32,19.33,19.34,142257,5200,78800,51800,93000,146400,44000,46900,94906,39500,19.24,19.23,19.22,19.21,19.2,19.19,19.18,19.17,19.16,19.15,97400,178300,113900,88200,194000,44200,46000,19700,46800,268900,9556590,20.05,5711500,18.7,19,75600,1455392
600030.SH,600030,中信证券,20180404,93407000,93408000,79,19.21,19.25,19.38,19.2,19.24,0.0016,21.13,17.29,19.25,19.26,19.27,19.28,19.29,19.3,19.31,19.32,19.33,19.34,118257,8500,79800,51000,93000,146400,44000,46900,96906,39500,19.24,19.23,19.22,19.21,19.2,19.19,19.18,19.17,19.16,19.15,98100,175700,113600,88200,195000,44200,46600,19400,46800,268900,9554090,20.05,5714800,18.7,23,39500,760270
600030.SH,600030,中信证券,20180404,93410000,93410000,79,19.21,19.25,19.38,19.2,19.25,0.0021,21.13,17.29,19.25,19.26,19.27,19.28,19.29,19.3,19.31,19.32,19.33,19.34,67157,9600,79800,51000,93000,148400,44000,46900,96906,39500,19.23,19.22,19.21,19.2,19.19,19.18,19.17,19.16,19.15,19.14,81700,113600,98100,195300,44200,46600,19400,47300,268900,7200,9504290,20.06,5514900,18.68,59,248500,4780821
600030.SH,600030,中信证券,20180404,93413000,93413000,79,19.21,19.25,19.38,19.2,19.25,0.0021,21.13,17.29,19.25,19.26,19.27,19.28,19.29,19.3,19.31,19.32,19.33,19.34,56357,12600,84700,51000,96000,159100,44000,46900,96906,39500,19.23,19.22,19.21,19.2,19.19,19.18,19.17,19.16,19.15,19.14,74500,113100,95100,195800,44200,46600,19400,47300,268900,7200,9531490,20.06,5508000,18.68,49,127300,2450046
600030.SH,600030,中信证券,20180404,93416000,93416000,79,19.21,19.25,19.38,19.2,19.24,0.0016,21.13,17.29,19.24,19.25,19.26,19.27,19.28,19.29,19.3,19.31,19.32,19.33,7000,25557,25500,84700,49800,96000,158600,44000,43900,96906,19.23,19.22,19.21,19.2,19.19,19.18,19.17,19.16,19.15,19.14,71600,112500,96900,196600,44200,46600,19400,47300,268900,7200,9526890,20.06,5513800,18.68,31,41700,802666
600030.SH,600030,中信证券,20180404,93419000,93419000,79,19.21,19.25,19.38,19.2,19.25,0.0021,21.13,17.29,19.26,19.27,19.28,19.29,19.3,19.31,19.32,19.33,19.34,19.35,15200,84700,50100,96000,159600,44000,43900,76206,39400,188545,19.25,19.24,19.23,19.22,19.21,19.2,19.19,19.18,19.17,19.16,22643,14400,70100,112500,96900,196100,54200,46600,19400,47300,9506733,20.06,5565743,18.69,54,86857,1671987
600030.SH,600030,中信证券,20180404,93422000,93422000,79,19.21,19.25,19.38,19.2,19.25,0.0021,21.13,17.29,19.25,19.26,19.27,19.28,19.29,19.3,19.31,19.32,19.33,19.34,600,19400,86300,57600,96000,159600,44000,43900,76206,39400,19.24,19.23,19.22,19.21,19.2,19.19,19.18,19.17,19.16,19.15,19043,89400,72500,96900,193500,54200,48200,19400,47300,262000,9531933,20.06,5541243,18.68,36,37900,729577
600030.SH,600030,中信证券,20180404,93425000,93425000,79,19.21,19.25,19.38,19.2,19.24,0.0016,21.13,17.29,19.25,19.26,19.27,19.28,19.29,19.3,19.31,19.32,19.33,19.34,17100,11000,105600,61000,95000,159600,44000,43900,76206,39400,19.24,19.23,19.22,19.21,19.2,19.19,19.18,19.17,19.16,19.15,23743,75200,69700,97300,194800,58100,48200,19400,47300,262000,9577233,20.06,5535943,18.68,24,34700,668000
600030.SH,600030,中信证券,20180404,93428000,93428000,79,19.21,19.25,19.38,19.2,19.24,0.0016,21.13,17.29,19.25,19.26,19.27,19.28,19.29,19.3,19.31,19.32,19.33,19.34,69600,37400,105600,61000,95000,160100,44000,43900,76206,39400,19.24,19.23,19.22,19.21,19.2,19.19,19.18,19.17,19.16,19.15,9943,70900,69700,97900,201400,57100,48200,19400,49300,262000,9665533,20.05,5528243,18.68,23,22600,434846
600030.SH,600030,中信证券,20180404,93431000,93431000,79,19.21,19.25,19.38,19.2,19.25,0.0021,21.13,17.29,19.25,19.26,19.27,19.28,19.29,19.3,19.31,19.32,19.33,19.34,80100,62200,105600,61000,95000,162600,44000,43900,76206,39400,19.24,19.23,19.22,19.21,19.2,19.19,19.18,19.17,19.16,19.15,2800,68243,69700,97900,207100,57100,48200,18800,49300,262000,9705833,20.05,5544143,18.68,34,54500,1048993
600030.SH,600030,中信证券,20180404,93434000,93435000,79,19.21,19.25,19.38,19.2,19.24,0.0016,21.13,17.29,19.25,19.26,19.27,19.28,19.29,19.3,19.31,19.32,19.33,19.34,94500,70400,105600,61000,95500,163600,44000,43900,76706,44400,19.24,19.23,19.22,19.21,19.2,19.19,19.18,19.17,19.16,19.15,3300,68243,29100,99400,208100,57100,47200,18800,49300,262000,9752233,20.04,5517343,18.68,10,13500,259861
600030.SH,600030,中信证券,20180404,93437000,93437000,79,19.21,19.25,19.38,19.2,19.23,0.001,21.13,17.29,19.23,19.24,19.25,19.26,19.27,19.28,19.29,19.3,19.31,19.32,9257,25700,103000,80900,105600,61100,95500,163700,44000,43900,19.22,19.21,19.2,19.19,19.18,19.17,19.16,19.15,19.14,19.13,29100,98900,208400,57100,47200,18800,49300,267200,7200,32100,9759845,20.04,5453800,18.67,88,120943,2326466
600030.SH,600030,中信证券,20180404,93440000,93440000,79,19.21,19.25,19.38,19.2,19.24,0.0016,21.13,17.29,19.24,19.25,19.26,19.27,19.28,19.29,19.3,19.31,19.32,19.33,15657,114700,138748,105600,61100,95500,163700,45000,43900,76706,19.23,19.22,19.21,19.2,19.19,19.18,19.17,19.16,19.15,19.14,500,26300,99900,210500,57100,47200,18800,49300,267200,7200,9827893,20.04,5456300,18.67,30,46600,896297
600030.SH,600030,中信证券,20180404,93443000,93444000,79,19.21,19.25,19.38,19.2,19.23,0.001,21.13,17.29,19.23,19.24,19.25,19.26,19.27,19.28,19.29,19.3,19.31,19.32,2900,32257,123100,139248,100800,62300,95500,163700,46500,42900,19.22,19.21,19.2,19.19,19.18,19.17,19.16,19.15,19.14,19.13,24200,103900,210300,57100,47200,18800,49300,267200,7200,32100,9863793,20.04,5463700,18.67,23,14600,280851
600030.SH,600030,中信证券,20180404,93446000,93446000,79,19.21,19.25,19.38,19.2,19.22,0.0005,21.13,17.29,19.25,19.26,19.27,19.28,19.29,19.3,19.31,19.32,19.33,19.34,109657,160748,101100,62300,95500,163700,46500,45900,76706,44400,19.22,19.21,19.2,19.19,19.18,19.17,19.16,19.15,19.14,19.13,21400,104900,210400,57100,47200,18800,49300,267200,7200,32100,9833193,20.04,5465500,18.67,46,79700,1533342
600030.SH,600030,中信证券,20180404,93449000,93449000,79,19.21,19.25,19.38,19.2,19.23,0.001,21.13,17.29,19.24,19.25,19.26,19.27,19.28,19.29,19.3,19.31,19.32,19.33,11600,132557,149748,101100,63300,96700,168800,46500,45900,76706,19.23,19.22,19.21,19.2,19.19,19.18,19.17,19.16,19.15,19.14,5100,17800,104900,212100,57100,47200,18800,49300,267500,7200,9882293,20.03,5470400,18.67,22,29800,573366
600030.SH,600030,中信证券,20180404,93452000,93452000,79,19.21,19.25,19.38,19.2,19.23,0.001,21.13,17.29,19.23,19.24,19.25,19.26,19.27,19.28,19.29,19.3,19.31,19.32,1900,16900,133057,146048,101100,63300,96700,166200,46500,45900,19.22,19.21,19.2,19.19,19.18,19.17,19.16,19.15,19.14,19.13,18400,104200,173100,57100,47200,18800,49300,267500,7200,32100,9902993,20.03,5427100,18.67,35,33300,640275
600030.SH,600030,中信证券,20180404,93455000,93455000,79,19.21,19.25,19.38,19.2,19.23,0.001,21.13,17.29,19.24,19.25,19.26,19.27,19.28,19.29,19.3,19.31,19.32,19.33,10800,129857,146048,100600,63300,97700,168600,46500,45900,76706,19.23,19.22,19.21,19.2,19.19,19.18,19.17,19.16,19.15,19.14,4200,26100,104200,183100,57100,47200,19100,49300,267500,7200,9939393,20.03,5459300,18.67,19,26900,517410
600030.SH,600030,中信证券,20180404,93458000,93458000,79,19.21,19.25,19.38,19.2,19.22,0.0005,21.13,17.29,19.24,19.25,19.26,19.27,19.28,19.29,19.3,19.31,19.32,19.33,21000,130557,146048,100600,62900,97700,168600,46500,45900,76706,19.22,19.21,19.2,19.19,19.18,19.17,19.16,19.15,19.14,19.13,51400,84600,183100,57100,47200,19100,49300,267500,7200,32100,9978693,20.03,5468000,18.67,29,16800,323170
600030.SH,600030,中信证券,20180404,93501000,93501000,79,19.21,19.25,19.38,19.2,19.23,0.001,21.13,17.29,19.23,19.24,19.25,19.26,19.27,19.28,19.29,19.3,19.31,19.32,9600,42300,152757,148848,100600,62900,97700,168600,46300,45900,19.22,19.21,19.2,19.19,19.18,19.17,19.16,19.15,19.14,19.13,43200,95300,183800,57100,47200,19100,48300,267000,7200,32100,10053343,20.02,5476400,18.67,30,25700,494179
600030.SH,600030,中信证券,20180404,93504000,93504000,79,19.21,19.25,19.38,19.2,19.22,0.0005,21.13,17.29,19.23,19.24,19.25,19.26,19.27,19.28,19.29,19.3,19.31,19.32,120100,52400,157857,148848,101100,62900,97700,172100,46300,45900,19.22,19.21,19.2,19.19,19.18,19.17,19.16,19.15,19.14,19.13,23200,95000,184200,57100,48500,19100,48300,267000,7200,34100,10204043,20.02,5464400,18.67,21,28000,538213
600030.SH,600030,中信证券,20180404,93507000,93507000,79,19.21,19.25,19.38,19.2,19.23,0.001,21.13,17.29,19.23,19.24,19.25,19.26,19.27,19.28,19.29,19.3,19.31,19.32,81300,60400,167357,148848,101100,63100,97700,172100,46300,45700,19.22,19.21,19.2,19.19,19.18,19.17,19.16,19.15,19.14,19.13,43000,95000,188700,57100,48500,19100,48300,267000,7200,34100,10184843,20.02,5490400,18.67,36,88900,1709149
600030.SH,600030,中信证券,20180404,93510000,93510000,79,19.21,19.25,19.38,19.2,19.22,0.0005,21.13,17.29,19.23,19.24,19.25,19.26,19.27,19.28,19.29,19.3,19.31,19.32,84800,61400,169357,148848,101100,62700,98200,172700,46300,45700,19.22,19.21,19.2,19.19,19.18,19.17,19.16,19.15,19.14,19.13,37500,94800,189400,57100,49000,19100,48300,267000,7200,34100,10202643,20.02,5488600,18.67,15,38600,742206
600030.SH,600030,中信证券,20180404,93513000,93513000,79,19.21,19.25,19.38,19.2,19.22,0.0005,21.13,17.29,19.23,19.24,19.25,19.26,19.27,19.28,19.29,19.3,19.31,19.32,68000,61700,162557,148848,101100,62700,98200,172700,46300,46000,19.22,19.21,19.2,19.19,19.18,19.17,19.16,19.15,19.14,19.13,9400,94800,189400,57100,49000,18400,48300,267000,7200,34100,10183143,20.02,5462200,18.67,34,83200,1599350
600030.SH,600030,中信证券,20180404,93516000,93516000,79,19.21,19.25,19.38,19.2,19.22,0.0005,21.13,17.29,19.22,19.23,19.24,19.25,19.26,19.27,19.28,19.29,19.3,19.31,36200,42900,62200,153857,148848,98300,63900,98200,172700,46300,19.21,19.2,19.19,19.18,19.17,19.16,19.15,19.14,19.13,19.12,92300,191900,57100,49000,18400,48300,267000,7200,34100,21200,10189643,20.02,5464600,18.67,42,72000,1384127
600030.SH,600030,中信证券,20180404,93519000,93519000,79,19.21,19.25,19.38,19.2,19.22,0.0005,21.13,17.29,19.22,19.23,19.24,19.25,19.26,19.27,19.28,19.29,19.3,19.31,19000,43300,63200,152257,148848,98300,63900,98700,175500,46300,19.21,19.2,19.19,19.18,19.17,19.16,19.15,19.14,19.13,19.12,54700,198000,57100,47400,18400,48800,267000,7200,34100,21200,10200143,20.02,5437100,18.67,24,44900,862942
600030.SH,600030,中信证券,20180404,93522000,93522000,79,19.21,19.25,19.38,19.2,19.21,0.0,21.13,17.29,19.22,19.23,19.24,19.25,19.26,19.27,19.28,19.29,19.3,19.31,48000,50600,65900,152357,148848,98800,63900,102500,175800,44200,19.21,19.2,19.19,19.18,19.17,19.16,19.15,19.14,19.13,19.12,53100,198000,57100,47400,18400,48800,267000,37200,34100,21200,10257143,20.02,5472300,18.67,26,45500,874489
600030.SH,600030,中信证券,20180404,93525000,93525000,79,19.21,19.25,19.38,19.2,19.21,0.0,21.13,17.29,19.22,19.23,19.24,19.25,19.26,19.27,19.28,19.29,19.3,19.31,44000,54600,61000,152600,140648,97800,63900,102500,176800,44200,19.21,19.2,19.19,19.18,19.17,19.16,19.15,19.14,19.13,19.12,39400,199800,57100,68900,18400,48800,267000,37200,37100,21200,10250386,20.02,5483400,18.67,25,36300,697546
600030.SH,600030,中信证券,20180404,93528000,93528000,79,19.21,19.25,19.38,19.2,19.22,0.0005,21.13,17.29,19.22,19.23,19.24,19.25,19.26,19.27,19.28,19.29,19.3,19.31,41800,54400,61800,156100,132100,97700,63900,102500,177100,44200,19.21,19.2,19.19,19.18,19.17,19.16,19.15,19.14,19.13,19.12,14300,199900,57100,68900,18400,48800,267000,37200,37100,21200,10250138,20.02,5461100,18.67,46,55800,1072213
600030.SH,600030,中信证券,20180404,93531000,93531000,79,19.21,19.25,19.38,19.2,19.22,0.0005,21.13,17.29,19.22,19.23,19.24,19.25,19.26,19.27,19.28,19.29,19.3,19.31,33700,94400,61800,154400,133000,97700,63900,102700,177100,41200,19.21,19.2,19.19,19.18,19.17,19.16,19.15,19.14,19.13,19.12,8400,197900,57100,68900,18400,48800,267000,37200,37100,21200,10342738,20.01,5455400,18.67,42,79500,1527349
600030.SH,600030,中信证券,20180404,93534000,93535000,79,19.21,19.25,19.38,19.2,19.21,0.0,21.13,17.29,19.21,19.22,19.23,19.24,19.25,19.26,19.27,19.28,19.29,19.3,63600,26700,94000,62000,154300,133000,97700,63700,102700,177100,19.2,19.19,19.18,19.17,19.16,19.15,19.14,19.13,19.12,19.11,112000,57100,68900,18400,48800,267000,37200,34100,21200,83700,10414938,20.01,5367900,18.66,22,115000,2208367
600030.SH,600030,中信证券,20180404,93537000,93538000,79,19.21,19.25,19.38,19.2,19.2,-0.0005,21.13,17.29,19.21,19.22,19.23,19.24,19.25,19.26,19.27,19.28,19.29,19.3,28500,29600,94000,59300,164300,133000,97700,63700,102700,177000,19.2,19.19,19.18,19.17,19.16,19.15,19.14,19.13,19.12,19.11,97100,57100,68900,18400,48800,266700,37200,34100,21200,83700,10393038,20.01,5357400,18.66,25,79500,1527025
600030.SH,600030,中信证券,20180404,93540000,93541000,79,19.21,19.25,19.38,19.2,19.2,-0.0005,21.13,17.29,19.2,19.21,19.22,19.23,19.24,19.25,19.26,19.27,19.28,19.29,28300,45400,30700,97400,60300,163700,133000,97700,63700,102700,19.19,19.18,19.17,19.16,19.15,19.14,19.13,19.12,19.11,19.1,57700,68900,18400,48800,266700,37200,34100,21200,83700,178300,10449638,20.01,5265700,18.64,80,105100,2017946
600030.SH,600030,中信证券,20180404,93543000,93543000,79,19.21,19.25,19.38,19.19,19.2,-0.0005,21.13,17.29,19.2,19.21,19.22,19.23,19.24,19.25,19.26,19.27,19.28,19.29,117800,131200,31600,97900,58300,164100,133000,97700,63700,102700,19.19,19.18,19.17,19.16,19.15,19.14,19.13,19.12,19.11,19.1,58100,68900,18400,48800,266700,37200,34100,21200,83700,178300,10684283,19.99,5272400,18.65,9,20700,397427
600030.SH,600030,中信证券,20180404,93546000,93546000,79,19.21,19.25,19.38,19.18,19.2,-0.0005,21.13,17.29,19.2,19.21,19.22,19.23,19.24,19.25,19.26,19.27,19.28,19.29,101600,140500,28700,97800,58900,162200,86600,97700,63700,102700,19.18,19.17,19.16,19.15,19.14,19.13,19.12,19.11,19.1,19.09,62400,18400,48800,266700,37200,34100,21200,83700,180300,5200,10632683,19.99,5211800,18.64,52,102900,1974802
600030.SH,600030,中信证券,20180404,93549000,93549000,79,19.21,19.25,19.38,19.18,19.19,-0.001,21.13,17.29,19.19,19.2,19.21,19.22,19.23,19.24,19.25,19.26,19.27,19.28,42800,116700,138600,31900,97800,59600,161100,87100,97700,63800,19.18,19.17,19.16,19.15,19.14,19.13,19.12,19.11,19.1,19.09,58700,18400,48800,266700,37200,34100,21200,73700,180500,5200,10708583,19.99,5188700,18.64,20,28500,547028
600030.SH,600030,中信证券,20180404,93552000,93552000,79,19.21,19.25,19.38,19.18,19.19,-0.001,21.13,17.29,19.19,19.2,19.21,19.22,19.23,19.24,19.25,19.26,19.27,19.28,43900,125800,147500,32400,97800,58200,160600,87100,97700,63800,19.18,19.17,19.16,19.15,19.14,19.13,19.12,19.11,19.1,19.09,15100,18400,49800,267700,37200,34100,21200,73700,180700,5200,10732183,19.99,5158100,18.63,43,65000,1246884
600030.SH,600030,中信证券,20180404,93555000,93556000,79,19.21,19.25,19.38,19.18,19.18,-0.0016,21.13,17.29,19.19,19.2,19.21,19.22,19.23,19.24,19.25,19.26,19.27,19.28,66921,141000,150900,33000,98000,58200,160600,86600,96700,63800,19.18,19.17,19.16,19.15,19.14,19.13,19.12,19.11,19.1,19.09,1300,118400,59800,267700,37200,34100,21200,71100,181200,5200,10787304,19.98,5265100,18.64,13,23100,443142
600030.SH,600030,中信证券,20180404,93558000,93559000,79,19.21,19.25,19.38,19.17,19.18,-0.0016,21.13,17.29,19.18,19.19,19.2,19.21,19.22,19.23,19.24,19.25,19.26,19.27,17700,87621,139300,139300,32700,102000,58200,162300,85800,95500,19.17,19.16,19.15,19.14,19.13,19.12,19.11,19.1,19.09,19.08,116400,60000,267700,37200,34100,21200,71100,181200,5200,89200,10826804,19.98,5271200,18.64,21,10200,195654
600030.SH,600030,中信证券,20180404,93601000,93601000,79,19.21,19.25,19.38,19.17,19.17,-0.0021,21.13,17.29,19.18,19.19,19.2,19.21,19.22,19.23,19.24,19.25,19.26,19.27,169100,98621,131400,139400,31600,102000,58200,162300,85800,95600,19.17,19.16,19.15,19.14,19.13,19.12,19.11,19.1,19.09,19.08,108400,60900,267700,37400,34100,21200,71100,182200,5200,89200,10982004,19.97,5265500,18.64,23,16200,310636
600030.SH,600030,中信证券,20180404,93604000,93604000,79,19.21,19.25,19.38,19.17,19.18,-0.0016,21.13,17.29,19.18,19.19,19.2,19.21,19.22,19.23,19.24,19.25,19.26,19.27,151300,104321,132100,139400,31600,101500,58200,161500,85800,95600,19.17,19.16,19.15,19.14,19.13,19.12,19.11,19.1,19.09,19.08,100200,61100,268700,37400,34100,21200,71100,182200,5200,89200,10973104,19.97,5271200,18.64,26,46800,897507
600030.SH,600030,中信证券,20180404,93607000,93608000,79,19.21,19.25,19.38,19.17,19.17,-0.0021,21.13,17.29,19.18,19.19,19.2,19.21,19.22,19.23,19.24,19.25,19.26,19.27,134400,106321,132100,123800,31800,65300,38600,161300,85800,95600,19.17,19.16,19.15,19.14,19.13,19.12,19.11,19.1,19.09,19.08,37300,61600,268700,37400,34100,21500,71100,186100,5200,89200,10911004,19.98,5216300,18.64,31,106100,2034354
600030.SH,600030,中信证券,20180404,93610000,93610000,79,19.21,19.25,19.38,19.17,19.17,-0.0021,21.13,17.29,19.18,19.19,19.2,19.21,19.22,19.23,19.24,19.25,19.26,19.27,132000,96621,132300,123400,31800,62500,38600,160500,87200,95600,19.17,19.16,19.15,19.14,19.13,19.12,19.11,19.1,19.09,19.08,26700,75700,268900,37400,34300,21500,71100,187200,4200,89200,10898904,19.98,5221400,18.64,42,77600,1487684
600030.SH,600030,中信证券,20180404,93613000,93614000,79,19.21,19.25,19.38,19.16,19.16,-0.0026,21.13,17.29,19.17,19.18,19.19,19.2,19.21,19.22,19.23,19.24,19.25,19.26,74300,134900,95421,131800,123400,34000,61500,27300,160600,87200,19.16,19.15,19.14,19.13,19.12,19.11,19.1,19.09,19.08,19.07,72800,268400,37400,34500,21500,71100,186900,4200,89200,4600,10962004,19.97,5192200,18.63,25,42400,812811
600030.SH,600030,中信证券,20180404,93616000,93617000,79,19.21,19.25,19.38,19.16,19.17,-0.0021,21.13,17.29,19.17,19.18,19.19,19.2,19.21,19.22,19.23,19.24,19.25,19.26,148500,127200,67521,132800,124400,33200,60800,25100,170600,87200,19.16,19.15,19.14,19.13,19.12,19.11,19.1,19.09,19.08,19.07,66300,268400,37400,34500,21500,71100,186900,4200,89200,4600,11017804,19.97,5187200,18.63,33,43400,831909
600030.SH,600030,中信证券,20180404,93619000,93619000,79,19.21,19.25,19.38,19.16,19.16,-0.0026,21.13,17.29,19.17,19.18,19.19,19.2,19.21,19.22,19.23,19.24,19.25,19.26,222700,131700,65921,132800,124400,33200,40800,25100,168600,74800,19.16,19.15,19.14,19.13,19.12,19.11,19.1,19.09,19.08,19.07,73400,268400,37400,34500,21400,71100,186900,4200,89200,4600,11075104,19.96,5197000,18.63,13,8400,160989
600030.SH,600030,中信证券,20180404,93622000,93622000,79,19.21,19.25,19.38,19.16,19.16,-0.0026,21.13,17.29,19.17,19.18,19.19,19.2,19.21,19.22,19.23,19.24,19.25,19.26,191800,144700,66221,132800,123400,31900,40800,25100,169600,73800,19.16,19.15,19.14,19.13,19.12,19.11,19.1,19.09,19.08,19.07,35800,284400,37400,34500,21400,71600,186900,4200,94200,4600,11057804,19.97,5183900,18.63,52,70800,1356838
600030.SH,600030,中信证券,20180404,93625000,93625000,79,19.21,19.25,19.38,19.15,19.16,-0.0026,21.13,17.29,19.16,19.17,19.18,19.19,19.2,19.21,19.22,19.23,19.24,19.25,11300,190900,83600,58621,130000,123400,31900,40800,25100,169500,19.15,19.14,19.13,19.12,19.11,19.1,19.09,19.08,19.07,19.06,286200,37400,34300,21400,70600,186900,4200,94200,5600,29200,11007904,19.97,5154500,18.63,56,75400,1444662
600030.SH,600030,中信证券,20180404,93628000,93628000,79,19.21,19.25,19.38,19.15,19.16,-0.0026,21.13,17.29,19.16,19.17,19.18,19.19,19.2,19.21,19.22,19.23,19.24,19.25,46000,185800,80000,59621,130300,123400,31900,41300,23600,171500,19.15,19.14,19.13,19.12,19.11,19.1,19.09,19.08,19.07,19.06,197000,37400,34300,21400,70600,187400,4500,94700,5600,29400,11043504,19.97,5066300,18.62,54,121300,2323206
600030.SH,600030,中信证券,20180404,93631000,93631000,79,19.21,19.25,19.38,19.13,19.14,-0.0036,21.13,17.29,19.14,19.15,19.16,19.17,19.18,19.19,19.2,19.21,19.22,19.23,2300,9600,95600,186100,76000,59621,132800,123400,31900,40800,19.13,19.12,19.11,19.1,19.09,19.08,19.07,19.06,19.05,19.04,33300,21600,70600,187900,4500,94700,5600,29400,117900,7700,11118304,19.96,4834000,18.59,47,260300,4984364
600030.SH,600030,中信证券,20180404,93634000,93635000,79,19.21,19.25,19.38,19.13,19.14,-0.0036,21.13,17.29,19.14,19.15,19.16,19.17,19.18,19.19,19.2,19.21,19.22,19.23,7100,70386,117100,173100,75700,54021,132800,63400,30100,35900,19.13,19.12,19.11,19.1,19.09,19.08,19.07,19.06,19.05,19.04,33300,23800,70600,187900,4500,94700,5600,29400,117900,7700,11123090,19.96,4839900,18.59,18,27600,528459
600030.SH,600030,中信证券,20180404,93637000,93637000,79,19.21,19.25,19.38,19.13,19.15,-0.0031,21.13,17.29,19.15,19.16,19.17,19.18,19.19,19.2,19.21,19.22,19.23,19.24,74586,117900,171600,75600,50821,134300,63400,30100,35900,24200,19.13,19.12,19.11,19.1,19.09,19.08,19.07,19.06,19.05,19.04,31900,28800,71500,187800,4500,94700,5600,30400,117900,7700,11111490,19.96,4848300,18.59,16,47100,901806
600030.SH,600030,中信证券,20180404,93640000,93640000,79,19.21,19.25,19.38,19.13,19.13,-0.0042,21.13,17.29,19.14,19.15,19.16,19.17,19.18,19.19,19.2,19.21,19.22,19.23,22800,304486,125100,171600,55700,50821,134300,62400,30100,35900,19.13,19.12,19.11,19.1,19.09,19.08,19.07,19.06,19.05,19.04,22700,29700,72000,199000,4500,94700,4600,30900,118900,7700,11361190,19.94,4852900,18.59,28,26000,497667
600030.SH,600030,中信证券,20180404,93643000,93643000,79,19.21,19.25,19.38,19.12,19.12,-0.0047,21.13,17.29,19.14,19.15,19.16,19.17,19.18,19.19,19.2,19.21,19.22,19.23,11800,313786,112200,162200,58000,50821,134300,64400,32200,36200,19.12,19.11,19.1,19.09,19.08,19.07,19.06,19.05,19.04,19.03,30600,72000,199000,4700,94700,4600,30900,118900,7700,51100,11350190,19.95,4834900,18.59,36,66200,1266865
600030.SH,600030,中信证券,20180404,93646000,93646000,79,19.21,19.25,19.38,19.12,19.15,-0.0031,21.13,17.29,19.15,19.16,19.17,19.18,19.19,19.2,19.21,19.22,19.23,19.24,302700,110700,161200,57400,30621,134300,64000,32200,36200,19200,19.14,19.13,19.12,19.11,19.1,19.09,19.08,19.07,19.06,19.05,47900,200,33700,82000,201000,4800,94700,4600,31400,118900,11289904,19.95,4901000,18.6,37,54300,1039319
600030.SH,600030,中信证券,20180404,93649000,93649000,79,19.21,19.25,19.38,19.12,19.12,-0.0047,21.13,17.29,19.13,19.14,19.15,19.16,19.17,19.18,19.19,19.2,19.21,19.22,1800,6700,273400,107000,161000,56900,26821,134500,64000,32200,19.12,19.11,19.1,19.09,19.08,19.07,19.06,19.05,19.04,19.03,15500,85100,202600,4800,94700,4600,31400,118900,8100,51100,11277104,19.95,4843300,18.59,56,98300,1881271
600030.SH,600030,中信证券,20180404,93652000,93652000,79,19.21,19.25,19.38,19.12,19.12,-0.0047,21.13,17.29,19.12,19.13,19.14,19.15,19.16,19.17,19.18,19.19,19.2,19.21,900,12300,7800,280800,81900,159000,56700,25321,136000,64000,19.11,19.1,19.09,19.08,19.07,19.06,19.05,19.04,19.03,19.02,89200,202800,4800,93700,4600,31400,118900,10100,51100,58400,11281204,19.95,4834100,18.59,41,34700,663546
600030.SH,600030,中信证券,20180404,93655000,93655000,79,19.21,19.25,19.38,19.11,19.12,-0.0047,21.13,17.29,19.12,19.13,19.14,19.15,19.16,19.17,19.18,19.19,19.2,19.21,7400,27900,64086,281200,80300,96600,46700,25321,136000,64000,19.11,19.1,19.09,19.08,19.07,19.06,19.05,19.04,19.03,19.02,80800,203800,4800,94700,4600,31400,118900,10100,52400,59400,11390790,19.95,4843500,18.59,45,37900,724733
600030.SH,600030,中信证券,20180404,93658000,93658000,79,19.21,19.25,19.38,19.11,19.11,-0.0052,21.13,17.29,19.12,19.13,19.14,19.15,19.16,19.17,19.18,19.19,19.2,19.21,14000,28500,96586,280700,76600,48500,46900,25321,146000,64000,19.11,19.1,19.09,19.08,19.07,19.06,19.05,19.04,19.03,19.02,101400,199800,4800,101700,5600,31900,119400,10100,52400,59400,11398277,19.95,4880500,18.59,28,58400,1116248
600030.SH,600030,中信证券,20180404,93701000,93701000,79,19.21,19.25,19.38,19.11,19.13,-0.0042,21.13,17.29,19.13,19.14,19.15,19.16,19.17,19.18,19.19,19.2,19.21,19.22,115700,117186,281500,72200,48600,45900,25321,146000,64000,32900,19.12,19.11,19.1,19.09,19.08,19.07,19.06,19.05,19.04,19.03,2000,73300,200000,4800,101700,5600,31900,118400,10100,52400,11511077,19.94,4854800,18.59,40,84300,1611593
600030.SH,600030,中信证券,20180404,93704000,93704000,79,19.21,19.25,19.38,19.11,19.12,-0.0047,21.13,17.29,19.13,19.14,19.15,19.16,19.17,19.18,19.19,19.2,19.21,19.22,83900,100600,275000,63000,47200,45400,25321,143800,64000,32900,19.12,19.11,19.1,19.09,19.08,19.07,19.06,19.05,19.04,19.03,8000,43000,204400,54800,101700,6100,31900,118400,10100,52400,11454091,19.95,4887300,18.6,58,95000,1816456
600030.SH,600030,中信证券,20180404,93707000,93707000,79,19.21,19.25,19.38,19.11,19.12,-0.0047,21.13,17.29,19.13,19.14,19.15,19.16,19.17,19.18,19.19,19.2,19.21,19.22,69000,94900,274900,60900,45500,42700,24200,143800,61000,32900,19.12,19.11,19.1,19.09,19.08,19.07,19.06,19.05,19.04,19.03,1500,30700,204900,60000,101700,7000,31900,120400,10100,52400,11429970,19.95,4867700,18.59,46,66600,1273387
600030.SH,600030,中信证券,20180404,93710000,93710000,79,19.21,19.25,19.38,19.11,19.11,-0.0052,21.13,17.29,19.13,19.14,19.15,19.16,19.17,19.18,19.19,19.2,19.21,19.22,60100,92300,275200,59100,42200,42700,24200,142300,43600,32900,19.11,19.1,19.09,19.08,19.07,19.06,19.05,19.04,19.03,19.02,10114,204900,60000,151700,7000,31900,126100,10100,52400,59400,11402670,19.95,4906314,18.6,62,108986,2083575
600030.SH,600030,中信证券,20180404,93713000,93713000,79,19.21,19.25,19.38,19.11,19.13,-0.0042,21.13,17.29,19.14,19.15,19.16,19.17,19.18,19.19,19.2,19.21,19.22,19.23,90200,274300,58300,42200,42400,23700,120700,42300,32900,37300,19.13,19.11,19.1,19.09,19.08,19.07,19.06,19.05,19.04,19.03,58400,10414,202600,60500,151700,11000,34900,131100,10100,54400,11339470,19.96,4967314,18.61,57,125100,2392465
600030.SH,600030,中信证券,20180404,93716000,93716000,79,19.21,19.25,19.38,19.11,19.14,-0.0036,21.13,17.29,19.14,19.15,19.16,19.17,19.18,19.19,19.2,19.21,19.22,19.23,93300,274500,53000,41300,41900,23700,120900,41300,32900,37300,19.13,19.12,19.11,19.1,19.09,19.08,19.07,19.06,19.05,19.04,37500,6900,32214,208100,60500,151700,11000,34900,131100,10100,11342170,19.96,4980114,18.61,23,30700,587339
600030.SH,600030,中信证券,20180404,93719000,93720000,79,19.21,19.25,19.38,19.11,19.12,-0.0047,21.13,17.29,19.12,19.14,19.15,19.16,19.17,19.18,19.19,19.2,19.21,19.22,74300,90700,273400,53000,40600,41900,23700,113900,41300,32900,19.11,19.1,19.09,19.08,19.07,19.06,19.05,19.04,19.03,19.02,67714,233400,60600,151700,15900,34900,131100,10100,54400,57600,11428670,19.95,5075014,18.61,49,82700,1581837
600030.SH,600030,中信证券,20180404,93722000,93722000,79,19.21,19.25,19.38,19.11,19.12,-0.0047,21.13,17.29,19.12,19.13,19.14,19.15,19.16,19.17,19.18,19.19,19.2,19.21,42600,2100,86200,271800,52800,33600,41900,23700,113700,41300,19.11,19.1,19.09,19.08,19.07,19.06,19.05,19.04,19.03,19.02,65214,235200,61200,155800,16700,35000,131600,10100,54400,57600,11413470,19.96,5083414,18.61,50,93700,1790936
600030.SH,600030,中信证券,20180404,93725000,93725000,79,19.21,19.25,19.38,19.11,19.11,-0.0052,21.13,17.29,19.12,19.13,19.14,19.15,19.16,19.17,19.18,19.19,19.2,19.21,7000,5600,56200,265100,51800,31600,40400,23700,113800,41300,19.11,19.1,19.09,19.08,19.07,19.06,19.05,19.04,19.03,19.02,150314,239500,61200,155800,16700,35000,131600,10100,54400,58600,11364370,19.96,5172314,18.62,32,52500,1003696
600030.SH,600030,中信证券,20180404,93728000,93728000,79,19.21,19.25,19.38,19.11,19.13,-0.0042,21.13,17.29,19.13,19.14,19.15,19.16,19.17,19.18,19.19,19.2,19.21,19.22,21900,56900,265300,49800,27600,40300,23700,114400,41300,31800,19.12,19.11,19.1,19.09,19.08,19.07,19.06,19.05,19.04,19.03,103300,179714,240200,61400,155800,16700,36000,131600,10100,54400,11377770,19.96,5329514,18.64,17,25000,477922
600030.SH,600030,中信证券,20180404,93731000,93731000,79,19.21,19.25,19.38,19.11,19.12,-0.0047,21.13,17.29,19.13,19.14,19.15,19.16,19.17,19.18,19.19,19.2,19.21,19.22,52800,58900,259700,48300,26900,39800,23700,114400,43300,31800,19.12,19.11,19.1,19.09,19.08,19.07,19.06,19.05,19.04,19.03,164200,207514,244000,61400,156000,17000,36000,130600,10100,54400,11410570,19.96,5418214,18.64,23,47200,902574
600030.SH,600030,中信证券,20180404,93734000,93734000,79,19.21,19.25,19.38,19.11,19.13,-0.0042,21.13,17.29,19.13,19.14,19.15,19.16,19.17,19.18,19.19,19.2,19.21,19.22,27200,58900,255700,48300,26900,39800,23700,114400,43500,31800,19.12,19.11,19.1,19.09,19.08,19.07,19.06,19.05,19.04,19.03,156100,217314,245900,61300,156300,19000,36000,130800,10300,54400,11391870,19.96,5429114,18.64,30,64100,1225914
600030.SH,600030,中信证券,20180404,93737000,93737000,79,19.21,19.25,19.38,19.11,19.13,-0.0042,21.13,17.29,19.14,19.15,19.16,19.17,19.18,19.19,19.2,19.21,19.22,19.23,64600,247700,37500,26900,39800,23700,113400,43500,31800,37100,19.13,19.12,19.11,19.1,19.09,19.08,19.07,19.06,19.05,19.04,12000,162000,228214,248800,61300,161800,67300,36000,130800,10300,11358870,19.97,5521614,18.65,38,37300,713498
600030.SH,600030,中信证券,20180404,93740000,93740000,79,19.21,19.25,19.38,19.11,19.13,-0.0042,21.13,17.29,19.14,19.15,19.16,19.17,19.18,19.19,19.2,19.21,19.22,19.23,67500,247200,37500,27500,43100,23700,113400,43100,31800,37100,19.13,19.12,19.11,19.1,19.09,19.08,19.07,19.06,19.05,19.04,100,142263,236914,252700,61300,168300,67000,36000,130800,10400,11378670,19.97,5514377,18.65,55,123537,2362394
600030.SH,600030,中信证券,20180404,93743000,93744000,79,19.21,19.25,19.38,19.11,19.13,-0.0042,21.13,17.29,19.14,19.15,19.16,19.17,19.18,19.19,19.2,19.21,19.22,19.23,62100,247300,37500,27300,43100,22700,118400,44300,29800,37100,19.13,19.12,19.11,19.1,19.09,19.08,19.07,19.06,19.05,19.04,900,67763,238014,254100,61300,168300,67000,36000,130800,10500,11382770,19.97,5444077,18.64,99,140400,2684905
600030.SH,600030,中信证券,20180404,93746000,93747000,79,19.21,19.25,19.38,19.11,19.13,-0.0042,21.13,17.29,19.14,19.15,19.16,19.17,19.18,19.19,19.2,19.21,19.22,19.23,39500,247300,37500,27300,43100,42700,117700,44300,29800,37100,19.13,19.12,19.11,19.1,19.09,19.08,19.07,19.06,19.05,19.04,23800,82763,223814,251100,61300,169200,67000,38000,130800,11000,11399483,19.97,5560077,18.65,41,74700,1429306
600030.SH,600030,中信证券,20180404,93749000,93749000,79,19.21,19.25,19.38,19.11,19.13,-0.0042,21.13,17.29,19.14,19.15,19.16,19.17,19.18,19.19,19.2,19.21,19.22,19.23,1200,247300,37500,27300,43100,42700,113000,44300,29800,37100,19.13,19.12,19.11,19.1,19.09,19.08,19.07,19.06,19.05,19.04,33500,87563,224514,253200,63800,171700,67000,38000,131300,13000,11363883,19.97,5630277,18.66,46,79300,1517416
600030.SH,600030,中信证券,20180404,93752000,93752000,79,19.21,19.25,19.38,19.11,19.14,-0.0036,21.13,17.29,19.15,19.16,19.17,19.18,19.19,19.2,19.21,19.22,19.23,19.24,239500,37500,30300,43100,42700,114600,44300,29800,37100,16000,19.14,19.13,19.12,19.11,19.1,19.09,19.08,19.07,19.06,19.05,1200,54000,95663,224514,268700,63800,173100,67000,37500,131300,11360083,19.97,5684277,18.66,40,173000,3310292
600030.SH,600030,中信证券,20180404,93755000,93755000,79,19.21,19.25,19.38,19.11,19.14,-0.0036,21.13,17.29,19.15,19.16,19.17,19.18,19.19,19.2,19.21,19.22,19.23,19.24,227300,32500,30300,43100,42700,117600,44300,29900,37100,16000,19.14,19.13,19.12,19.11,19.1,19.09,19.08,19.07,19.06,19.05,17900,79800,116163,226514,269200,64000,173600,67000,37000,131300,11368483,19.97,5762277,18.66,24,49300,943432
